1670 2938
167 95 251 136 970
806 92 857 134 V.
914 98 980 138 76.

281 204 374 256 περῖ
399 200 512 256 ἕλαφ.
536 208 641 254 etc-J
690 205 778 246 MS.
810 205 960 245 titulus
979 205 1069 247 bic:
1100 207 1193 258 περῖ
1216 203 1389 262 {zamm-
1427 221 1522 247 uam
1560 207 1612 248 de

167 261 317 301 ceteris
338 260 586 299 animalibus
606 262 717 300 infra
747 262 875 302 habet
895 263 1126 316 peculiares
1145 265 1314 306 titulos.
1370 264 1500 305 IUNG.

277 328 357 370 τῶν
377 331 420 370 δὲ
439 330 493 370 ἐλ.
516 338 595 368 etc
626 326 802 382 θήλεια]
848 330 944 370 MS.
979 347 1058 372 των
1077 329 1191 386 ἐλοὶφ
1220 342 1263 372 et
1283 335 1444 387 θηλείᾳ
1486 334 1611 373 luNG.

280 414 360 438 των
392 398 433 438 δὲ
460 398 514 437 ἐλ.
544 405 623 435 etc.
650 395 819 450 θηλεια]
886 397 1128 452 Exscripsit
1154 400 1364 469 integrum
1402 400 1484 439 hoc
1512 415 1614 454 seg—

168 462 354 493 mentum
377 453 655 499 Plzavorinus,
687 454 758 508 qui
794 454 865 492 ina
897 453 1044 494 verba:
1068 455 1276 509 ”Ομηρος,
1301 453 1430 511 Ἀμφ’
1461 455 1614 509 ἔλαφον

169 506 335 577 κεραόν·
367 509 591 561 praeponit
619 509 710 549 his-2
751 511 818 551 καὶ
843 512 1050 575 Σοφοκλῆς
1080 512 1292 566 κερόεσσαν
1322 512 1394 564 τήν
1430 515 1614 567 Τηλέφου

167 564 319 633 τροφόν
341 564 488 617 ἕλιξεν,
521 565 685 605 omissis
714 566 819 606 illis.
849 567 916 609 καὶ
933 562 1164 622 ’'Avaupeow
1183 571 1256 619 μὲν
1278 569 1510 620 σφάλλεται,
1541 586 1615 613 κε-

168 622 338 679 ρόεσσαν
359 621 508 674 ἔλαφον
530 622 770 674 προσειπών.
802 637 908 676 quae
931 622 981 663 de
1005 624 1213 664 industria
1237 626 1423 666 omisisse
1444 627 1615 665 ΡΙιανο-

169 683 309 720 rinum
331 679 468 725 credo,
502 689 542 719 et
572 679 751 718 fo1sitan
774 679 955 719 Pollucis
971 679 1175 720 iudicium
1205 682 1283 722 hac
1310 682 1360 723 de
1386 697 1430 723 re
1456 683 1612 736 impro-

169 737 302 776 basse.
341 735 426 774 vid.
467 735 642 774 casaub.
685 735 735 774 ad
769 736 923 775 Athen.
958 736 1033 786 IX,
1067 749 1126 777 12.
1160 748 1201 778 et
1226 739 1399 778 omnino
1426 738 1612 778 Illustris

170 793 374 835 Ezechiel.
397 792 703 844 Spanlzemius
691 806 735 830 m
757 791 1042 832 eruditissimo
1061 793 1112 832 ad
1129 794 1429 835 Callimachum
1450 796 1612 836 Comm.

168 864 211 904 p.
248 847 341 890 205.

281 915 324 958 δ’
349 915 478 971 α’ῤῥην
509 912 768 970 κερωᾳόρος]
817 917 908 958 MS.
938 917 980 960 δὲ
1007 918 1043 960 ἅ.
1075 917 1310 973 κεροφόρος,
1348 929 1392 960 et
1419 920 1481 960 sic
1503 919 1615 960 scri-

170 972 370 1023 bendum,
402 973 466 1011 uti
492 972 706 1027 κερόδετος,
736 972 1026 1029 κερόστρωτος,
1056 975 1149 1017 alia.
1208 977 1342 1017 Iuno.

282 1039 324 1082 δ
342 1041 474 1093 ἄρ’όην
494 1039 749 1094 κερωφόρος]
794 1044 1014 1096 Vulgatum
1035 1041 1267 1097 κερωφόρος
1286 1053 1428 1084 tuetur
1447 1046 1615 1098 Etymo·

170 1100 304 1150 log1ci
322 1098 478 1148 Magni
494 1098 690 1136 Auctor
679 1112 722 1135 m
745 1112 848 1138 voce
872 1099 1068 1152 Ιηρωμω,
1100 1100 1175 1138 ubi
1197 1110 1238 1140 et
1255 1100 1461 1141 rationem
1480 1115 1615 1155 gram·

169 1154 360 1248 mat-ibcam
396 1152 516 1193 affert
548 1153 678 1195 hanc:
717 1167 812 1193 oum
832 1158 1032 1220 ⁴genitivi-<5
1057 1159 1217 1197 Atticis
1244 1160 1476 1210 composita
1488 1173 1563 1211 per
1580 1175 1613 1200 ω

170 1225 257 1250 scra
284 1219 425 1250 untur.

282 1275 310 1327 ἤ
330 1270 553 1330 κεραστης]
605 1277 881 1319 Disiunctiva
907 1279 1024 1321 abest
1041 1296 1064 1320 a
1095 1280 1145 1321 C.
1177 1279 1229 1320 A.
1258 1289 1301 1320 et
1321 1279 1394 1322 hic
1412 1291 1455 1323 et
1479 1282 1524 1322 in
1543 1297 1616 1324 se-

170 1332 399 1401 quentibus
425 1333 595 1385 εὕκερος.
639 1335 833 1388 sequitur
864 1335 984 1377 dein:
1026 1337 1050 1380 ὁ
1072 1337 1114 1379 δὲ
1139 1335 1369 1392 ΜΑνακρεων
1397 1337 1616 1392 σφάλλεται

170 1388 384 1444 κερόεσσαν
411 1388 557 1444 ἔλαφοι
582 1389 708 1433 εἰπων
734 1393 802 1434 καὶ
834 1396 882 1433 Σ.
924 1395 1124 1449 κεροῦσαν
1153 1412 1189 1436 τ.
1235 1398 1275 1435 Τ.
1307 1412 1342 1436 τ
1362 1394 1548 1452 ’Όμηρος
1573 1398 1615 1440 δὲ

168 1447 306 1503 694st-
334 1448 473 1489 λείπει.
530 1447 706 1488 Romu«.

283 1515 467 1567 εὕκερως,
498 1512 527 1564 ἢ
543 1519 658 1556 πλατ.
685 1514 794 1570 etc.]
843 1516 938 1557 Ms.
969 1515 1175 1569 εὐκαίρως.
1204 1516 1274 1560 ὁστ
1304 1516 1328 1560 ὁ
1346 1536 1423 1562 υπο
1443 1528 1521 1562 etc.
1551 1519 1616 1559 in·

172 1570 387 1613 termediis
407 1570 586 1610 omissis.
617 1571 826 1615 mendose.
885 1575 1096 1613 Memorat
1125 1575 1242 1624 haec,
1278 1574 1351 1613 ubi
1377 1585 1496 1615 notat
1517 1578 1615 1615 Pol-

171 1631 247 1668 lux
268 1627 340 1666 hic
363 1628 531 1678 Poenas,
561 1637 602 1666 et
625 1627 727 1667 hinc
750 1628 980 1682 Rlzodigin.
1010 1631 1108 1671 VII.
1139 1606 1284 1683 Antiq.
1311 1631 1373 1672 15.
1426 1633 1496 1672 Tu
1517 1631 1616 1672 vide

169 1684 316 1739 potius
340 1682 509 1723 doctiss.
551 1684 823 1723 Sclzoliastem
843 1687 1129 1740 Antlzologiae
1147 1687 1386 1726 Brodaeum
1407 1687 1458 1727 ad
1482 1688 1558 1729 lib.
1577 1689 1614 1729 I.

171 1756 263 1793 φεμ
286 1738 348 1782 25
381 1739 510 1777 initio
530 1739 588 1777 ibi
606 1741 771 1792 aliquot
789 1753 977 1782 recenset
996 1744 1160 1795 Poetas,
1191 1744 1263 1798 qui
1291 1743 1342 1782 ad
1372 1744 1484 1783 hunc
1517 1759 1616 1784 sco-

169 1800 317 1851 pulum
343 1794 612 1836 offenderint.
674 1798 827 1835 Verum
865 1798 1032 1852 insigne
1064 1809 1187 1853 caput
1214 1800 1391 1839 invenio
1424 1801 1469 1839 in
1505 1800 1616 1841 hano

170 1868 255 1892 rem
289 1851 402 1905 apud
435 1853 658 1890 Aelianum
681 1852 775 1894 libr.
811 1854 907 1894 VII.
948 1855 998 1894 de
1036 1856 1184 1908 Propr.
1220 1855 1404 1898 Animal.
1437 1871 1526 1910 cap.
1546 1857 1612 1912 59.

170 1908 247 1948 ubi
278 1908 339 1947 ait
371 1907 524 1947 diserte
547 1908 629 1974 qui
657 1919 811 1977 negant
840 1924 985 1951 cervae
1006 1912 1216 1951 foeminae
1241 1926 1329 1952 esse
1347 1927 1522 1964 cornua,
1553 1913 1615 1966 hi,

171 1964 330 2018 inquit,
359 1962 430 2007 οὐκ
448 1962 659 2006 αἰδοῦνται
678 1981 768 2013 τους
789 1967 857 2008 τοῦ
885 1969 1067 2010 ἐναντίου
1084 1965 1300 2032 μάρτυρας.
1333 1983 1438 2022 quos
1459 1968 1615 2022 produ-

172 2021 257 2072 cit,
296 2034 382 2059 non
413 2028 576 2057 tantum
615 2021 845 2070 Sophoclem
874 2024 1038 2076 aliquot
1074 2024 1202 2074 locis,
1241 2033 1282 2063 et
1318 2026 1616 2065 Anacreontem

170 2078 299 2130 (quos
322 2084 363 2115 et
381 2075 537 2114 Noster
563 2077 774 2128 lancinat)
803 2078 873 2117 sed
903 2089 944 2118 et
965 2081 1140 2119 aliorum
1166 2083 1273 2120 loca.
1333 2082 1542 2120 Feruntur
1572 2092 1615 2121 et

170 2131 417 2199 Aphthonii
437 2131 609 2170 nomine
628 2135 838 2186 elegantes
856 2135 1046 2185 fabellae,
1075 2150 1263 2209 quarum?
1270 2136 1397 2175 unius
1415 2137 1611 2179 initium.

169 2188 318 2242 ἔλαφον
351 2206 374 2238 η
400 2183 531 2242 μήτηρ
557 2189 784 2236 ἐνουθέτει,
821 2193 1008 2245 λέγουσα·
1045 2195 1188 2246 κε’,ρας
1229 2211 1259 2234 ω
1279 2195 1375 2241 παῖ,
1414 2209 1526 2246 παρα
1545 2194 1616 2242 τῆς

170 2243 327 2300 φύσεως
348 2247 529 2296 ιιληφας.
560 2243 633 2282 ubi
657 2246 876 2298 interpres,
917 2248 1087 2286 Cervam
1114 2251 1212 2288 istis·
1245 2249 1378 2288 verbis
1398 2249 1614 2288 admonuit

172 2311 315 2342 mater.
375 2301 533 2340 Noster
557 2301 724 2351 Pollux,
752 2300 891 2350 credo,
919 2303 1053 2343 haec
1042 2320 1085 2342 ιη
1107 2303 1293 2344 Rhetore
1317 2304 1453 2343 adhuc
1474 2305 1614 2344 minus

170 2367 399 2410 pateretur.
441 2365 483 2396 et
510 2353 680 2396 videtur
710 2371 808 2396 sane
834 2359 946 2398 sicut
970 2369 1011 2399 et
1042 2361 1289 2413 inscriptio,
1330 2361 1462 2412 μῦθος
1493 2361 1516 2402 o‘
1543 2363 1615 2412 τῆς

169 2413 323 2467 ἐλοὲᾳου
351 2423 430 2452 etc.
471 2412 538 2451 sui
566 2412 724 2451 oblitus
751 2428 894 2454 cervae
915 2416 1154 2456 attribuisse
1179 2431 1334 2454 cornua
1355 2416 1428 2455 ille
1448 2417 1616 2456 fabula-

171 2480 260 2518 tor,
295 2483 420 2523 quum
445 2468 487 2506 in
523 2468 664 2507 fabula
687 2469 840 2508 referat
859 2485 1020 2510 cervam
1046 2472 1136 2511 filio
1161 2472 1346 2511 voluisse
1367 2473 1616 2524 persuadere

172 2531 225 2564 ne
245 2526 410 2578 sugeret
429 2529 566 2576 canes,
601 2525 760 2578 quippe
786 2540 939 2564 cornua
960 2538 1192 2578 gerentem,
1224 2528 1353 2579 ipsam
1383 2537 1517 2568 tamen
1543 2528 1615 2567 vix

171 2595 320 2620 canum
347 2580 494 2620 audito
529 2582 710 2634 stepha,
741 2581 915 2634 primam
948 2578 1090 2638 fugam
1121 2583 1292 2636 cepisse.
1350 2584 1431 2624 Sed
1468 2599 1545 2623 nae
1574 2594 1615 2623 et
