1670 2938
158 117 241 159 784
762 113 838 156 IV.
897 117 990 158 119.

159 239 252 265 sum
291 233 453 266 textum
492 233 661 279 recepta
697 235 812 266 sunt.
872 226 1067 272 videatur
1103 227 1195 284 ipse
1232 227 1433 270 Auctoris
1470 233 1604 272 locus.

157 283 332 323 KUmm.
1387 305 1391 308 -

269 339 462 393 πορφυρᾷ
479 339 552 390 δὲ]
585 338 633 382 C.
664 339 716 378 A.
746 340 790 382 δὲ
813 340 989 379 omittit.
1050 341 1224 386 Kmmx.

268 396 398 450 φαιᾷ]
430 397 476 435 Ρ.
511 396 625 452 ᾳεαιῇ.
685 396 785 436 SEB.

269 453 397 506 φαιᾷ]
428 453 530 492 Post
550 455 658 507 φαιᾷ
673 466 816 507 margo
838 452 995 507 incipit
1022 451 1068 495 C.
1096 454 1146 495 A.
1182 468 1317 510 usque
1349 453 1403 496 ad
1431 454 1607 513 παράσι-

156 526 235 559 τος.
294 511 476 549 KUEHN.

267 578 312 620 ἐν
329 576 570 632 Σικυωνίῳ]
602 575 840 629 Sicyonius,
874 579 1102 618 Menandri
1118 577 1273 629 fabula,
1299 587 1349 618 ut
1376 578 1520 620 videre
1542 589 1608 620 est

157 634 201 672 in
222 636 430 687 Harpocr.
461 647 566 673 voce
597 631 868 684 ἀναίνεσθαι,
901 634 945 672 in
970 648 1050 688 qua
1071 635 1280 688 parasitus
1307 635 1606 676 introduceba-

157 701 226 730 tur
245 690 419 729 indutus
439 699 557 730 veste
582 689 761 729 candida
776 719 788 735 ,
822 690 936 744 quod
958 705 1133 731 uxorem
1158 690 1364 731 ducturus
1389 703 1498 732 esset
1520 691 1606 733 do-

155 761 281 786 mum.
315 747 363 787 C.
393 748 445 788 V.
475 746 504 798 ἦ
528 744 594 790 ὅτε
614 763 658 799 μ.
689 762 726 801 y.
757 742 783 789 o‘
810 766 852 788 π.
910 748 1085 789 ΚυειιΝ.

267 818 308 859 ἐν
328 815 551 869 Σικυωνίῳ]
579 816 686 854 Post
706 817 750 858 ἐν
771 817 985 871 Σικυωνίῳ
1006 816 1223 855 ΚαεΙιηίαε
1235 813 1404 856 addidit
1425 830 1604 857 comma-

156 873 281 913 ticam
307 872 641 914 distinctionem.

266 943 405 999 λευκῇ]
435 937 555 990 λευκή
572 940 665 979 MS.
698 938 896 996 intelligo
918 950 1056 981 autem
1082 939 1128 979 in
1154 939 1344 996 vulgatis·
1357 940 1603 996 sicyoniam

154 1009 310 1040 vestem
335 996 571 1037 candidam.
632 996 764 1036 IUNG.

267 1064 292 1110 ὅ
311 1063 580 1120 ἔγκόμβωμα]
615 1065 652 1102 Ε
674 1074 752 1104 not
771 1064 879 1117 Sylb.
908 1078 973 1118 pr.
1004 1063 1106 1104 edit.
1133 1060 1362 1120 ἔγκόβωμα.
1392 1065 1492 1106 Sim.

263 1128 566 1189 iifle’ymiyssoeya]
599 1131 649 1172 C.
680 1132 718 1170 A
756 1130 784 1182 ἤ
810 1129 1051 1185 ἐκκόμβωμα
1071 1132 1099 1184 ἤ
1116 1135 1336 1188 &titionum
1360 1132 1475 1188 quod
1495 1133 1604 1174 ulti-

151 1206 264 1230 mum
287 1201 350 1231 est
370 1200 412 1230 et
441 1190 489 1231 C.
514 1190 562 1229 V.
593 1188 775 1241 putarim
799 1189 1024 1242 legendum
1053 1204 1144 1229 esse
1162 1192 1378 1245 ἔπιρραμα,
1403 1188 1517 1246 quod
1535 1204 1604 1230 ve·

153 1248 234 1287 teri
272 1247 541 1287 Onomastico
571 1253 647 1291 est,
681 1254 973 1287 assumentum.
1014 1245 1099 1289 vid,
1140 1247 1323 1291 Salmas.
1352 1246 1400 1285 in
1437 1246 1607 1300 Vopisci
1669 1282 1670 1285 ,

152 1306 300 1347 Λανεί.
332 1318 421 1358 cap.
451 1301 518 1344 46.
574 1303 758 1341 liugan.
1669 1296 1670 1309 ³

265 1369 289 1414 ὂ
322 1366 594 1426 ἕγκὸμβωμα]
636 1366 814 1434 aevu-¹2?
841 1365 1109 1423 ἒγκόμβωμα,
1147 1367 1176 1419 ἦ
1200 1370 1418 1424 &aldamum
1456 1369 1512 1425 τῷ
1545 1370 1600 1412 δέ.

154 1430 270 1470 Male
291 1438 413 1467 antea
440 1428 657 1483 legebatur
675 1428 885 1480 ἰγκοβωμα
907 1426 951 1464 in
974 1425 1183 1480 vulgatis;
1212 1435 1255 1466 et
1276 1427 1335 1466 H.
1370 1427 1604 1479 Stephanus

153 1486 225 1524 hic
255 1484 381 1523 etiam
408 1502 438 1538 μ
467 1494 726 1536 reposuerat.
785 1483 855 1520 De
889 1496 938 1522 eo
967 1481 1140 1521 memini
1173 1481 1224 1521 ad
1246 1484 1439 1537 Longum
1464 1497 1600 1521 meum

151 1543 210 1584 II.
245 1547 460 1594 Ποιμενικ.
478 1541 552 1590 ubi
575 1554 679 1593 puer
706 1539 882 1592 Tityrus
902 1540 1026 1593 ῥίψας
1045 1537 1088 1580 τό
1109 1536 1346 1593 ἔγκόμβωμα
1369 1537 1600 1588 inducitur,

153 1612 239 1653 quo
279 1597 523 1650 expeditius
568 1606 768 1637 curreret.
826 1596 904 1634 Est
942 1610 1042 1635 vero
1077 1594 1160 1633 hoc
1188 1595 1387 1634 vocabuli
1417 1595 1530 1634 forte
1559 1604 1603 1634 et

152 1654 265 1709 apud
288 1655 548 1707 Hesychium
568 1662 825 1706 corruptum.
857 1650 919 1690 ibi
943 1651 1054 1691 enim
1078 1651 1305 1692 scribitur:
1334 1648 1513 1705 Κόμβος,
1534 1648 1601 1693 κό-

150 1716 306 1766 συμβος
335 1710 382 1754 τό
419 1710 602 1765 ἔκπωμα.
665 1709 906 1763 Sylburgins
943 1707 1166 1747 adnotavit
1198 1721 1276 1761 pro
1309 1708 1384 1747 illo
1434 1706 1603 1760 ἔκπωμα

151 1770 264 1808 forte
284 1767 508 1822 legendum
534 1762 794 1821 ἑγκόμβωμα.
853 1766 910 1804 Et
933 1774 1045 1804 certe
1068 1777 1152 1818 quo
1175 1763 1430 1803 vocabulum
1453 1764 1603 1814 rarius,

151 1840 202 1866 eo
229 1824 513 1878 corrumpitur
550 1826 638 1863 fere
669 1824 816 1877 magis.
876 1821 1027 1861 Audeo
1049 1834 1149 1860 vero
1170 1819 1285 1859 illam
1312 1821 1600 1860 coniecturam

153 1881 371 1933 Sylburgii
390 1895 528 1920 veram
561 1894 733 1933 prorsus
768 1878 979 1926 adserere,
1012 1891 1140 1932 quum
1164 1876 1208 1914 in
1231 1875 1377 1916 eodem
1397 1876 1602 1929 Hesychia

150 1938 210 1976 ita
233 1937 472 1977 inveniam:
501 1934 679 1990 κόσυμβε
698 1934 858 1988 δεσμός.
890 1934 1029 1973 malim
1056 1927 1253 1986 κοσῦμβη.
1285 1935 1352 1973 vel
1383 1930 1602 1987 κόσυμβος,

150 1991 355 2046 α’νᾰὸεσμα
373 1990 402 2043 ἦ
418 1992 680 2048 ἑγκόμβωμα,
699 1995 768 2034 καὶ
790 1993 890 2045 ὅπερ
909 1999 951 2035 αἱ
972 1992 1154 2044 Κρίσσαι
1171 1991 1187 2041 (
1203 2004 1260 2027 an
1292 1989 1505 2044 Κρῆσσαι)
1530 2006 1602 2042 φο-

149 2054 305 2104 ροῦσιν,
337 2049 474 2104 ὅμοιον
504 2049 746 2103 α’σηιὸίσκῳ,
782 2053 850 2091 καὶ
878 2050 1082 2101 περίζωμα
1103 2041 1351 2100 Αἰγύπτιον,
1379 2046 1449 2088 καὶ
1465 2040 1512 2088 ιδ
1533 2047 1602 2097 ἐγ-

149 2108 423 2159 κομβοῦσθαι.
484 2106 522 2146 O
554 2109 791 2145 Heinsiane
821 2109 911 2151 sol,
953 2113 1114 2156 quanto
1149 2102 1333 2143 exoretis
1361 2101 1475 2140 bono
1505 2103 1601 2139 He-

150 2164 290 2217 sychii
317 2161 475 2203 nostri!
509 2177 585 2202 nos
618 2163 662 2200 in
696 2161 762 2200 his
794 2162 980 2201 tenebris
1012 2159 1266 2213 palpitamus
1288 2160 1456 2198 saltem=
1489 2166 1532 2197 et
1551 2166 1600 2195 tu

149 2230 232 2259 tam
265 2218 339 2258 diu
367 2219 509 2259 sinis?
549 2218 665 2258 Illud
700 2232 800 2257 vero
844 2221 1062 2272 vulgatum
1095 2212 1304 2268 ἑγκόβωμα
1333 2213 1458 2252 etiam
1486 2211 1602 2266 apud

149 2277 444 2330 Etymologum
473 2274 586 2316 vidit
623 2275 888 2327 Sylbnrgizcs,
929 2276 1114 2325 itemque
1146 2269 1257 2324 apud
1289 2269 1495 2309 Pollucem
1527 2267 1625 2311 lib..

148 2333 226 2374 IV.
258 2346 347 2386 cap.
383 2330 444 2374 18.
476 2332 536 2372 ait
555 2332 601 2372 in
622 2330 773 2370 Indice
797 2331 871 2369 illo
899 2328 1202 2377 eruditissimo,
1233 2324 1305 2367 sed
1327 2334 1475 2365 contra
1499 2326 1601 2377 Ety-

149 2391 392 2442 mologiam.
451 2388 651 2443 Sequitur
680 2387 736 2425 ita
768 2386 1022 2440 I‘Iesyclzinm
1052 2394 1092 2424 et
1132 2383 1307 2421 Suidam
1337 2382 1495 2434 potius.
1527 2379 1625 2430 sed,

150 2445 204 2486 ad
227 2449 402 2485 alterum
433 2446 548 2500 quod
579 2444 624 2482 in
652 2442 836 2496 vulgatis
877 2444 1079 2494 ἐπίβλημα
1108 2449 1183 2480 est.
1226 2452 1311 2492 quo
1341 2436 1634 2503 nihilnovi„bg

151 2502 290 2552 credo‚·
324 2501 506 2552 dicitur,
534 2509 576 2540 et
605 2498 858 2553 ἐπιβλήματα
888 2513 961 2538 sua
987 2498 1111 2537 etiam
1134 2495 1229 2534 aliis
1256 2495 1448 2547 personis
1471 2496 1630 2546 paulo„

151 2568 289 2598 antea.
348 2558 432 2600 Sed
460 2559 555 2602 MS.
585 2559 810 2611 ἒπίρῥημα,
845 2565 891 2594 ut
921 2553 1136 2600 diximus,
1168 2550 1282 2607 quod
1304 2548 1627 2604 recipiendum&

151 2624 227 2659 est.
282 2615 358 2656 sic
388 2616 534 2657 noster
559 2613 671 2654 infra
691 2612 785 2663 vll,
816 2610 882 2667 67.
915 2611 1119 2665 ἐπίρῥημα
1138 2611 1178 2651 δὲ
1194 2605 1374 2663 κωμικόν
1392 2606 1625 2659 ταινικιῦᾙιεςςςλὶῗ
