1670 2938
169 18 253 61 952
793 20 845 60 V.
904 21 970 65 58.

286 127 436 183 μικρά]
468 130 657 169 Doctiss.
692 130 726 172 J.
758 132 914 170 Vettius
936 131 1144 171 Pollucem
1165 142 1351 173 nostrum
1374 143 1607 188 corruptam

177 187 456 237 Xenophontis
485 187 710 226 lectionem
744 197 933 226 secutum
962 188 1199 238 existimat,
1231 199 1272 229 et
1297 189 1432 243 μακροὶ
1454 191 1496 229 in
1518 194 1610 230 Xe-

176 243 298 292 noph.
331 256 407 295 pro
448 259 573 297 μικρα
612 242 917 296 reponendum.
948 242 1046 285 vide
1072 258 1165 283 eum
1198 260 1292 300 pag.
1325 248 1417 288 214.
1446 262 1527 302 seq.
1558 245 1612 285 ad

180 298 327 336 Gratii
361 297 523 353 Cyneg-

289 366 486 419 εὕγαρκα]
519 367 707 419 εὔσαρκα.
765 366 862 407 Snn.

179 477 203 517 I
289 422 494 478 εὕγαρκα]
557 422 731 479 Con-ige
778 423 967 478 εὔσαρκα.
1015 433 1234 478 peccatum
1272 434 1335 466 est
1371 425 1423 465 ab
1464 423 1616 479 operis.

171 492 422 532 ·uNGERm.

865 550 932 592 58.

291 614 507 668 ἒπῖρικνα]
549 613 598 654 C.
638 613 689 656 Α.
728 615 956 670 ἐπῖρὅκνα.
1002 614 1187 665 ΧεηορῘι,
1219 614 1356 656 codex
1389 614 1520 663 male,
1551 631 1619 657 713-

179 669 308 722 ρικνά·
340 685 496 725 margo,
526 673 721 724 ἕπίρικνα.
754 671 798 710 ὶεΙ
830 682 892 711 est
921 675 1075 710 stricta
1103 681 1138 709 et
1163 684 1284 709 earne
1304 674 1502 724 gracilia.
1529 670 1618 710 vid.

178 728 352 780 Hesych.
383 737 426 768 et
454 728 642 766 suidas·
631 742 675 765 m
695 741 800 767 voce
821 729 950 780 ῥικνοι
971 736 1010 767 et
1038 722 1166 780 ῥικνοῖ.
1215 728 1403 770 Kumm.

240 801 242 807 ’
289 795 495 847 ἐπίρικνα]
523 793 650 847 Apud
674 795 858 846 Xenoplz.
891 798 996 834 male
1016 803 1076 834 est
1093 793 1269 847 περικιοὶ.
1298 795 1370 836 sed
1392 794 1498 835 illud
1521 798 1621 835 alte·

182 864 272 888 rum
297 850 408 905 quod
432 850 503 890 hic
528 861 591 890 est
612 853 811 903 ἐπίρικνα,
834 860 883 890 ut
899 862 1059 891 rectum
1077 851 1122 889 in
1145 851 1333 906 margine
1351 851 1636 892 adnotarunt.⁴

181 906 276 946 MS.
306 906 433 947 habet
450 908 677 962 ἐπίρρἰκνα.
735 907 859 947 Imm.

291 974 498 1029 στρυφνοὶ]
531 974 581 1015 C.
614 975 666 1016 A.
695 972 863 1029 στυφρά.
899 974 948 1016 C.
984 974 1035 1017 V.
1068 972 1240 1031 στιφροὲ,
1272 989 1366 1014 cum
1402 989 1486 1030 quo
1515 975 1624 1014 facit

180 1031 360 1082 Xenoplz.
417 1033 598 1071 ΗυΕΗΝ.

292 1097 504 1152 στρυφνοὶ]
536 1099 634 1138 MS,
665 1115 815 1153 στιφρα
844 1112 920 1152 pro
958 1094 1155 1153 στρυφνά.
1186 1108 1324 1148 recte,
1353 1097 1416 1137 sic
1445 1097 1558 1138 enim
1583 1107 1626 1138 et

182 1153 414 1206 Xenophon
433 1154 482 1195 de
500 1153 659 1195 iisdem.
717 1157 842 1195 IUNG.

293 1221 510 1278 στρυφνα]
542 1220 691 1276 atowe}
713 1222 944 1276 repositum
966 1221 1011 1259 in
1034 1229 1171 1265 textu.

297 1295 341 1332 αἱ
350 1293 538 1358 πλευραι
574 1291 618 1333 δὲ
646 1295 753 1340 etc]
795 1289 842 1331 C.
871 1290 920 1327 A
950 1289 1076 1331 καὶπ.
1107 1289 1150 1330 δὲ
1179 1286 1211 1330 ἕ.
1239 1306 1282 1330 π.
1313 1289 1384 1340 τῆς
1407 1291 1450 1332 δὲ
1476 1287 1627 1342 ὀσφύος

182 1343 228 1389 τό
269 1363 309 1388 τε
335 1345 455 1401 ὑγρόν
490 1363 532 1387 π.
571 1363 607 1388 κ
638 1364 672 1388 τ.
703 1365 745 1389 π.
777 1363 815 1388 σ.
847 1343 1018 1388 οἷπεᾝστω
1059 1342 1240 1398 λαγόνων
1270 1348 1314 1388 δὲ
1350 1347 1389 1387 α’.
1417 1344 1468 1388 to*
1484 1349 1628 1402 μέτρον

184 1403 238 1498 (Ιιὲς
267 1403 305 1445 οἷ.
346 1422 389 1457 μ
431 1404 499 1446 καὶ
539 1401 798 1458 σμικρότητα.
846 1401 1041 1441 ultimum
1078 1402 1280 1456 agnoscit
1318 1403 1444 1442 etiam
1485 1403 1533 1444 C.
1575 1403 1626 1444 V.

230 1474 365 1499 amm.

299 1532 341 1570 αἱ
361 1529 535 1583 πλευραι
552 1528 592 1571 δὲ
614 1536 692 1567 etc.
705 1527 725 1580 ]
754 1526 846 1569 MS.
876 1528 947 1569 καῖ
965 1530 1032 1569 πλ
1063 1525 1118 1568 δέ.
1176 1525 1310 1569 Imm.

296 1597 365 1638 καὶ
388 1595 446 1652 μή
470 1614 512 1637 π.
546 1595 655 1648 etc.]
698 1597 870 1634 Desunt
900 1595 943 1633 in
982 1592 1073 1635 MS·
1105 1596 1171 1636 καὶ
1202 1590 1260 1647 μή
1286 1610 1351 1646 πρ.
1381 1610 1416 1636 τ.
1455 1610 1492 1649 γ.
1524 1599 1628 1648 fta&-

190 1653 378 1704 Xenoplz.
407 1650 583 1706 πλευρας
591 1670 659 1722 μη
691 1654 837 1694 ἐπίπαν
867 1654 1040 1706 βαθείας
1022 1681 1061 1700 ,
1093 1647 1184 1692 οἷλλ
1216 1653 1275 1699 εἰς
1297 1668 1340 1693 το
1359 1649 1525 1705 πλάγιον
1547 1669 1631 1694 πα-

185 1706 400 1762 ρηκυύσας.
434 1710 528 1751 MS.
559 1705 603 1751 τό
631 1724 672 1749 τε
707 1705 825 1763 ’ὑγρόν
849 1717 927 1751 etc.
985 1706 1114 1747 Vides
1147 1720 1245 1747 vero
1271 1717 1312 1746 et
1333 1707 1534 1747 Nostrum
1559 1721 1631 1746 re-

187 1765 321 1806 tinere
345 1764 491 1818 ὀσφύος
511 1767 556 1804 in
579 1766 807 1819 singulari·
815 1778 956 1832 ,quare
974 1764 1084 1803 forte
1106 1771 1217 1802 recte
1237 1772 1390 1802 notant
1410 1764 1491 1803 viri
1512 1762 1629 1802 docti

188 1820 240 1860 ad
281 1819 566 1874 ,Xenophontis
596 1820 762 1867 eadem,
802 1819 932 1873 όσφυν
958 1817 1169 1875 σαρκώδη,
1207 1832 1294 1859 non
1325 1830 1437 1860 recte
1467 1830 1630 1859 mutare

187 1879 297 1918 velle
321 1877 555 1931 quosdam'
543 1892 587 1916 1n
607 1874 738 1929 ὀσφῦς
756 1876 986 1932 σαρκώδεις.
1048 1878 1175 1916 IUNG.

297 1943 565 2014 σκληρότητα]
596 1943 691 1986 MS.
710 1941 977 1998 σμικρότητα·
1010 1957 1097 1983 non
1117 1948 1256 2010 σκλκηρ.
1278 1944 1524 1984 rectissime.
1549 1946 1629 1983 Xe-

187 2002 377 2054 nophun:
414 1996 608 2056 λαγόνας,
638 1999 786 2055 μεταξυ
817 2000 1001 2055 μεγάλων
1021 2029 1032 2049 ‚
1072 2001 1235 2066 μικρῶν.
1275 2001 1386 2040 forte
1418 2015 1516 2041 vero
1547 2014 1632 2038 no-

187 2057 363 2097 tandum
396 2067 438 2098 et
469 2057 550 2097 hoc
575 2056 688 2111 apud
715 2057 942 2106 Nostrum,
977 2058 1088 2112 quod
1119 2055 1244 2110 όσᾳύϊ
1257 2056 1473 2107 attribuit,
1508 2054 1632 2110 ὑγρόν

188 2124 230 2152 et
260 2111 432 2182 σκληρόν
451 2113 647 2152 nimirum
680 2113 822 2152 abesse
850 2113 1020 2153 debere:
1060 2112 1172 2166 apud
1194 2114 1504 2164 Xenophontem
1532 2126 1632 2152 vero

189 2169 340 2239 λαγόσι.
398 2171 535 2210 Totus
565 2172 683 2208 locus
711 2169 846 2222 ipsius
876 2180 959 2211 est·
992 2168 1118 2222 ὀσφύν
1153 2167 1359 2238 σαρκώδη,
1400 2186 1448 2210 τα
1479 2170 1634 2236 μεγέθη

187 2225 336 2282 μεταξύ
358 2230 547 2297 μακρῶν,
570 2227 775 2293 βραχέων,
805 2242 902 2278 μητε
927 2224 1048 2281 ύγρας
1072 2227 1173 2274 λίαν,
1201 2222 1300 2279 μήτε
1318 2223 1489 2279 σκληρᾰς
1510 2223 1633 2278 λαγό-

189 2301 272 2334 νας,
298 2280 446 2338 μεταξυ
477 2280 672 2348 μεγάλων,
700 2299 868 2336 μικρων.
930 2282 1046 2335 Quid
1073 2292 1236 2329 tamen,
1266 2281 1302 2319 si
1325 2281 1398 2319 illa
1423 2283 1550 2320 altera
1575 2284 1632 2320 le·

178 2341 276 2379 ·οῐίο
304 2339 434 2392 ὀσφῦς
466 2335 682 2392 σαρκώδεις
710 2343 797 2376 nen
821 2339 995 2377 omnino
1015 2337 1072 2375 sit
1092 2337 1334 2385 reiicienda,
1367 2347 1409 2376 et
1430 2337 1490 2374 sic
1514 2347 1631 2376 totus

190 2399 308 2463 locu‘s
335 2396 395 2435 sit
427 2394 696 2436 scribendus:
725 2393 856 2446 ὀσφῦς
889 2392 1127 2446 σαρκωϋεις,
1155 2392 1266 2446 τοῖμ.
1297 2411 1338 2446 μ.
1373 2411 1411 2445 μ.
1441 2395 1633 2446 βραχέων,

190 2471 232 2506 μ.
261 2451 298 2493 v‘.
329 2457 363 2493 λ.
393 2471 435 2504 μ.
466 2446 653 2504 σκληρας.
693 2450 883 2505 λαγόνας,
920 2470 963 2504 μ.
996 2452 1155 2490 Pollux
1184 2464 1283 2490 sane
1310 2463 1387 2490 nos
1421 2449 1474 2489 ad
1507 2453 1632 2488 talem

195 2508 479 2548 coniecturam
503 2508 704 2549 inducere
722 2517 874 2562 potest.
933 2508 1060 2547 IUNG.
