1670 2938
140 82 249 124 1010
764 74 817 114 V.
879 77 972 117 102.

141 196 215 235 τοῦ
236 188 473 233 Λουκίλλιον
503 187 813 242 epigrammate.
844 186 967 228 MSS.
998 187 1126 225 etiam
1145 184 1296 224 habent
1321 180 1425 227 κατοῖ
1452 179 1499 224 τό
1530 186 1593 224 λο-

141 246 250 302 κρόν.
279 249 362 300 leg.
403 243 505 287 και-οἲ
531 262 563 286 τ.
590 245 774 297 Λοκρῶν,
801 258 906 282 more
938 245 1229 293 Locrensium,
1263 254 1370 296 quos
1400 238 1592 280 calvities

145 305 249 345 fecit
274 302 501 356 proverbio
535 300 714 341 nobiles.
775 303 957 340 limum.

254 357 358 402 κατοέ
379 357 426 400 τό
437 356 606 412 λοκρόν]
654 359 807 411 Longe
829 358 951 395 aliter
972 355 1083 395 Avus
1105 366 1218 393 meus
1240 352 1300 392 ita
1318 351 1460 404 babet,
1491 347 1596 393 κατοέ

143 415 190 460 τό
211 415 431 469 ὁλόκρανον
460 414 508 456 ου’
542 430 662 467 προσ.
694 423 771 454 etc,
799 413 1094 465 interpretans,
1127 410 1171 447 in
1199 409 1350 462 capitis
1381 408 1479 448 orbe
1505 422 1594 446 non

143 482 307 528 gestare
337 471 530 523 faciem,
558 470 630 508 sed
656 483 890 521 personam.
929 468 1062 507 Henr.
1084 466 1220 517 Steplz.
1252 465 1297 504 in
1327 478 1404 504 suo
1435 462 1595 504 Codice

148 528 373 581 adscripsit
401 525 485 576 τόν,
515 526 680 566 scilicet
700 528 840 579 legere
862 527 1029 575 malens,
1060 521 1164 564 καιοὲ
1189 519 1255 564 τόν
1279 518 1435 576 λοκρόν.
1495 519 1596 559 νιιὶὲ

150 596 288 641 gatam
315 585 542 624 lectionem
569 584 663 635 lego
689 582 814 620 etiam
842 581 887 619 in
911 580 1094 620 scholiis
1124 578 1296 619 Graecis
1319 576 1491 619 Anthol.
1521 575 1597 614 lib.

148 643 208 684 ΙΙ.
240 655 330 695 cap.
356 655 394 694 9.
423 639 499 679 ubi
529 640 690 677 Lucilli
718 638 915 687 carmine,

315 696 373 752 μή
400 699 535 739 τοί-νυν
563 693 606 736 vo*
637 692 856 747 πρόσωπον
890 694 1001 735 ἅπαν
1028 689 1203 745 ψιμύθῳ
1223 687 1486 741 κατᾶπλαττε,

367 753 468 795 ὥστε
496 753 755 804 προσωπεῖον,
790 747 827 792 κ’
850 748 940 805 οὐχὶ
967 748 1180 802 πρόσωπον
1208 747 1325 802 ἔχειν.

150 811 211 851 ibi
245 810 442 850 Scholia:
474 811 624 850 Πολυδ.
653 809 684 851 ε’.
708 805 810 850 uate?
835 805 882 850 'co'
907 804 1061 857 λοκρόν,
1089 803 1136 847 ου’
1157 804 1278 858 nodo·-
1300 813 1377 842 etc·
1409 800 1482 842 Sed
1502 809 1601 840 utut

152 868 222 913 sit,
253 866 358 905 mihi
382 864 582 904 videntur
603 867 773 918 vulgata
802 873 915 903 recte
941 861 1107 911 habere,
1138 870 1179 901 et
1200 860 1304 900 haec
1327 857 1429 902 κατοῖ
1459 855 1508 900 to*
1539 863 1602 898 λο-

151 922 249 978 κρόν
269 921 488 962 referenda
511 920 562 959 ad
581 922 737 974 priora,
769 920 834 958 uti
855 919 958 958 haec
990 918 1041 958 de
1075 916 1283 957 Locrensi
1315 929 1410 954 rosa
1445 914 1602 967 capias,

152 993 258 1035 quae
280 978 355 1016 tali
379 988 671 1017 momentaneo
692 975 793 1015 flore
816 974 1074 1015 deflorescat.
1133 976 1182 1014 In
1218 987 1264 1013 ea
1293 971 1504 1011 sententia
1532 969 1603 1009 vi-

154 1036 234 1076 deo
274 1044 315 1074 et
355 1033 526 1075 doctiss.
569 1035 796 1073 Meursium
825 1046 914 1072 esse
946 1031 1105 1071 Comm.
1154 1028 1207 1069 ad
1244 1028 1507 1083 Lycophron.
1546 1024 1601 1064 ad

157 1091 276 1147 1429.
307 1090 427 1128 illum

319 1143 480 1199 Λοκρόν
512 1143 553 1188 δ’
582 1143 700 1188 ὁποῖα
727 1144 880 1200 παῦρον
904 1139 1093 1195 ἀνθήσας
1116 1139 1243 1199 ῥόδον.

154 1217 260 1260 quae
280 1203 338 1242 ita
370 1200 574 1255 Scaliger,

307 1260 460 1312 qualis
492 1259 715 1296 Locrensis
744 1271 826 1296 non
857 1256 931 1295 dia
950 1259 1078 1295 vivax·
1108 1270 1216 1294 rosa.

157 1315 239 1359 Sed
265 1314 380 1369 quod
409 1314 469 1353 ait
495 1312 800 1354 emendandum
832 1313 944 1366 apud
979 1313 1196 1351 Pollucem
1223 1307 1447 1350 scribendo
1474 1304 1602 1355 καθοῖ,

155 1387 246 1414 non
271 1371 398 1414 κατοὲτ
430 1385 517 1410 non
545 1383 711 1422 sequor.
758 1369 874 1422 Quid
895 1369 1005 1408 enim
1029 1367 1164 1421 opus?
1195 1368 1296 1406 satis
1314 1365 1424 1406 enim
1452 1373 1602 1403 notum

156 1428 265 1468 illud
299 1426 403 1470 κατοί
441 1427 484 1464 in
528 1424 844 1480 significatione
882 1424 1227 1474 convenientiae,
1276 1435 1353 1476 pro
1394 1421 1601 1460 adinstar.

160 1486 302 1540 Caput
319 1483 461 1523 XVII.
496 1481 638 1522 deesse
662 1482 743 1520 iam
763 1481 854 1520 dixi
878 1482 922 1520 in
945 1481 1039 1521 MS.
1097 1480 1228 1520 Imm.

266 1535 428 1595 φύσεως
448 1540 660 1591 προκρίνει
688 1538 751 1590 u]
803 1540 1018 1590 Propertio
1041 1536 1085 1575 id
1106 1545 1194 1576 est:

324 1599 518 1637 Naturae
548 1616 605 1625 ·—-
633 1595 753 1633 decus
781 1603 959 1633 mercato
985 1593 1160 1645 ,perdere
1186 1593 1315 1643 culta,

376 1667 450 1691 nec
471 1655 602 1690 sinere
633 1654 678 1689 in
699 1653 885 1702 propriis
908 1651 1085 1689 membra
1110 1651 1239 1688 nitere
1261 1650 1385 1688 boniae.

159 1708 257 1751 Lib.
277 1709 311 1749 I.
343 1711 447 1764 eleg.
469 1721 506 1748 2.
565 1706 646 1747 Sed
670 1705 814 1747 eodem
839 1705 982 1745 iudice
1005 1705 1080 1745 lib.
1100 1705 1156 1744 II.
1187 1708 1288 1760 eleg.
1314 1702 1372 1745 ¹8.

333 1766 388 1803 Ut
418 1774 575 1803 natura
605 1763 731 1813 dedic,
763 1765 826 1801 sic
853 1765 981 1801 omnis
1011 1770 1121 1800 recta
1139 1763 1290 1816 figura
1315 1768 1389 1800 eet.

160 1822 244 1862 Cui
278 1819 493 1877 ὁμόψηφος
522 1822 726 1859 ΝαΖίαηΖ.
763 1818 854 1858 adv.
888 1820 1050 1857 fucatas
1071 1821 1171 1856 mul.

326 1900 379 1909 *-
399 1876 542 1926 κάλλος
571 1877 658 1930 ἐμοὶ
684 1876 845 1929 μοῦνον,
875 1874 899 1918 ὅ
916 1877 1015 1917 δῶκε
1036 1871 1173 1927 φύσις.
1235 1873 1318 1912 San

271 1942 432 1998 φύσεως
458 1948 662 1999 προκρίνει
692 1943 756 1995 τ.]
811 1943 862 1982 In
897 1952 1019 1983 textu
1063 1941 1108 1984 C.
1137 1942 1187 1981 A.
1218 1940 1425 1997 προκρίνει
1453 1937 1602 1992 τέχνην.

158 1998 318 2058 φύσεως
336 2002 681 2054 superscriptum,
710 1999 788 2041 τῶν
809 1998 925 2039 abest
944 2009 1042 2039 ante
1061 1996 1321 2052 πραγμάτων,
1342 1998 1429 2034 loco
1449 1995 1603 2033 Arche-

158 2061 247 2112 typi
265 2060 328 2107 fit
348 2058 563 2109 exemplar,
595 2056 693 2096 dein
715 2055 831 2096 abest
853 2056 1062 2111 integrum
1087 2064 1212 2109 caput
1241 2053 1383 2095 XVII.
1414 2065 1439 2091 a
1469 2049 1515 2093 C.
1548 2050 1601 2087 A.

159 2116 339 2156 Knmm.

840 2172 932 2213 103.

225 2266 234 2278 ,
270 2225 542 2280 καταβαλεῖν]
596 2225 774 2279 Interpr.
806 2228 994 2275 reiicere,
1037 2223 1122 2262 nisi
1154 2220 1350 2263 mendum
1386 2228 1448 2258 est
1476 2228 1617 2271 typo-⁴

161 2283 314 2340 graphi
337 2296 415 2336 pro
448 2282 650 2332 deiicere;
687 2282 759 2321 sed
789 2291 980 2321 neutrum
1014 2279 1211 2334 quadrat:
1244 2277 1384 2333 agitur
1414 2275 1523 2315 enim
1555 2273 1606 2314 de

160 2341 403 2390 solutione,
444 2338 670 2391 pensione,
713 2351 821 2391 quae
853 2338 1011 2377 Graece
1044 2333 1265 2389 καταβολή,
1305 2342 1345 2372 et
1371 2331 1604 2383 dependere,

156 2397 328 2449 pendere
346 2396 390 2434 in
416 2395 484 2434 Gt.
513 2395 702 2432 Veterum
718 2393 908 2434 redditur
931 2391 1206 2446 καταβάλλειν.
1256 2388 1371 2428 Idem
1399 2387 1604 2426 iudicium

162 2462 253 2492 esto
289 2451 340 2491 de
372 2451 655 2496 καταθέσθαι,
698 2450 812 2504 quod
849 2450 974 2488 etiam
1005 2451 1160 2487 solvere
1187 2446 1402 2498 praesenti
1427 2446 1607 2496 pecunia

161 2507 388 2562 significat.
428 2508 698 2558 Theophra-ct.
734 2505 925 2547 Charact.
948 2505 1065 2544 XIX.
1089 2505 1132 2543 in
1160 2504 1241 2542 fine
1266 2499 1462 2551 κατάθου,
1493 2498 1608 2554 quod

160 2578 247 2604 non
265 2563 564 2608 solicitaudum
590 2563 653 2602 ibi
677 2571 765 2602 erat
790 2576 813 2601 a
837 2562 1009 2602 casaub.
1070 2563 1253 2602 Kanum.
