1682 2956
198 79 276 119 104
828 74 863 114 1.
930 79 998 119 78.

310 184 475 233 εἰσόδων
497 192 602 236 etc.]
633 187 718 226 Hic
748 187 900 226 titulus
925 200 1011 227 non
1034 195 1097 228 est
1117 186 1160 225 in
1184 186 1231 229 C.
1262 187 1313 229 A.
1371 188 1546 228 Kumm.

307 242 535 299 πυλώριον]
567 245 688 283 MSS.
717 247 964 298 πυλουρεῖον.
1023 241 1122 285 Sssn.

307 300 528 352 πυλώριον]
564 301 611 341 C.
644 302 688 342 A.
719 302 958 354 πυλωρεῖον,
989 300 1094 338 cella
1113 301 1311 338 ianitoris
1340 301 1503 343 Vitruv.
1532 303 1558 340 l.
1590 299 1629 342 6.

199 371 235 397 c.
277 370 342 397 10.
399 358 562 404 Atriis,
594 356 759 408 inquit,
797 357 973 403 Graeci,
1015 357 1117 409 quia
1153 369 1230 398 non
1271 364 1463 407 utuntur,
1505 371 1632 410 neque

197 416 348 453 nostris
382 413 581 462 moribus,
611 411 682 451 sed
708 413 760 450 ab
793 416 927 452 ianua
963 411 1260 451 introeuntibus
1279 413 1433 451 itinera
1448 411 1633 466 faciunt

200 470 497 509 latitudinibus
519 483 600 507 non
624 471 850 519 spatiosis,
881 476 922 507 et
938 483 985 508 ex
1006 483 1090 507 una
1108 475 1232 519 parte
1255 469 1433 520 εᾳιιίίία,
1462 482 1511 509 ex
1529 471 1632 508 alte-

198 539 247 563 ra
270 528 436 564 ostiarii
456 526 582 575 cella,
614 527 838 591 statimque
859 527 1016 564 ianuae
1039 525 1251 562 interiores
1259 525 1487 574 finiuntur.
1545 527 1632 564 Hic

199 589 334 621 autem
357 583 471 619 loeus
492 583 598 620 inter·
618 581 722 620 duas
741 584 921 631 ian-uas,
959 581 1142 619 Graece
1131 582 1354 635 θυρωρεΐον
1381 582 1632 632 appellatur.

198 636 242 675 in
269 637 428 676 Glossis
451 638 635 676 Veterum
657 640 814 676 ianitor
833 647 871 677 et
899 639 1080 676 ianitrix
1104 637 1304 693 πυλουροί.
1335 639 1519 679 Salmas.
1548 640 1631 692 leg.

198 691 347 742 etiam,
379 696 612 747 πυλωρεῖον.
672 693 851 736 ΗυΕΗΝ.

307 758 533 816 πυλαῖριον]
570 761 685 801 Haec
709 761 845 801 adfert
866 760 918 801 ad
941 761 1139 799 Petronii
1166 760 1263 800 illa:
1293 759 1492 798 hostiarii
1515 761 1631 812 cella,

196 819 555 870 πολυμαθέστατος
574 818 643 856 ille
677 819 711 856 J.
742 832 769 855 a
799 817 1057 856 Woaweren.
1089 818 1145 858 H.
1185 816 1413 867 Stephanus
1443 829 1538 855 orae
1560 815 1632 856 hic

198 872 432 926 adscripsit,
464 876 701 925 θυρωρεῖον,
728 874 833 914 Vicr.
865 873 916 913 ad
943 874 1183 913 Vitruvium
1201 872 1365 912 scilicet
1386 885 1463 910 nos
1483 871 1620 911 remit·
1624 895 1635 903 -

198 937 303 968 tens.
336 930 470 970 Labb.
502 930 595 971 MS.
629 930 711 970 ita:
743 947 786 972 το
818 933 861 972 δὲ
886 926 960 972 τοῦ
989 929 1177 981 πυλωροῦ
1207 929 1374 980 οἴκημα,
1410 931 1633 983 πυληρεῖον,

198 983 378 1025 scribere
403 985 528 1026 credo
550 989 721 1034 volens,
755 996 801 1025 ut
821 986 958 1025 Seberi
975 986 1111 1026 MSS..
1135 986 1380 1037 πυλουρεΐον.
1437 984 1568 1025 Iuno.

308 1051 451 1091 deinde
474 1062 536 1092 est
565 1053 736 1106 domus]
777 1049 1000 1109 πρόδομος,
1029 1052 1216 1091 anterior
1255 1050 1400 1091 domus
1432 1065 1526 1104 pars
1559 1044 1633 1093 seu

198 1107 467 1148 vestibulum.
527 1110 621 1150 Snn,

308 1166 377 1206 καὶ
393 1163 641 1218 προαύλιον]
674 1129 795 1205 MSS.
821 1163 848 1214 ἦ
867 1161 1034 1233 προαύλ.
1095 1163 1193 1203 SEB.

309 1222 379 1263 καὶ
407 1219 652 1274 προαύλιον]
698 1222 745 1262 C.
779 1222 827 1263 Α
869 1217 1068 1286 πρόδομος
1106 1237 1130 1270 η
1166 1215 1396 1272 προαύλιον
1433 1221 1634 1265 αι’θουσαν

198 1271 326 1326 αὖλῆς
364 1280 531 1317 Homer.
572 1278 701 1316 Iliad.
731 1291 776 1347 9
810 1277 886 1316 ubi
923 1278 1099 1327 Interpr.
1141 1274 1223 1315 hoo
1257 1274 1407 1315 ordine
1445 1287 1634 1318 recenset

197 1342 335 1385 partes
353 1328 688 1386 ὶ11ειε.θα’λαμος
718 1335 739 1377 0‘
760 1333 836 1375 ἑσω
863 1330 986 1384 σηκός
1005 1333 1076 1382 τῆς
1095 1329 1232 1401 αὐλῇς.
1260 1330 1306 1373 ‘co'
1327 1333 1370 1373 δὲ
1372 1330 1468 1400 πρδ
1494 1332 1631 1382 αὐτοῦ,

197 1386 422 1443 πρόδομος,
453 1392 630 1433 αἴθουσα
660 1393 700 1431 δὲ
715 1421 725 1441 ,
751 1391 1015 1457 περίστυλον,
1045 1386 1150 1430 τοῦτ’
1170 1387 1270 1438 ἔστι,
1302 1385 1404 1440 πρδς
1429 1388 1540 1438 ἥλιον
1566 1407 1632 1432 τε-

197 1447 402 1499 τραμμένη
429 1463 551 1495 στοα,
580 1464 686 1499 παρα
713 1465 757 1488 το
787 1450 1009 1494 αὶθεσθαι,
1043 1443 1066 1488 ὃ
1094 1444 1180 1487 ἔστι
1210 1445 1444 1499 φλέγεσθαι.
1476 1459 1634 1485 secun-

200 1499 298 1539 dum
319 1500 427 1542 hanc
448 1503 777 1556 explicationem
799 1512 896 1556 post
915 1501 1027 1544 ε”νδον
1049 1501 1094 1539 in
1113 1502 1284 1540 Polluce
1308 1510 1454 1540 nostro
1482 1500 1633 1542 distin-

199 1556 286 1596 ctio
310 1558 444 1598 maior
464 1558 659 1612 ponenda
681 1559 773 1598 erit.
810 1569 852 1598 et
871 1557 921 1609 ἢν
941 1561 1139 1600 αι’θουσαν
1153 1557 1333 1611 Όμηρος
1355 1560 1476 1608 καλεῖ,
1507 1560 1635 1624 εἴποις

198 1629 248 1653 αν
264 1610 334 1655 τόν
351 1616 587 1670 περίστυλον
609 1613 730 1658 τόπον
748 1617 817 1657 καὶ
846 1617 1062 1668 περικίονα.
1119 1613 1228 1653 Nam
1255 1627 1331 1653 uec
1364 1612 1412 1652 C.
1449 1615 1501 1654 A.
1532 1615 1636 1654 titu-

197 1670 284 1707 lum
308 1669 542 1724 integrum,
575 1669 626 1713 τοῖ
644 1670 755 1713 ἔνδον
785 1687 851 1714 του
884 1671 1065 1720 πυλῶνος
1094 1679 1171 1712 etc,
1205 1669 1410 1724 agnoscit,
1443 1683 1520 1709 nec
1541 1674 1636 1710 Ho-

199 1738 330 1764 merus
347 1726 471 1765 ullibi
498 1725 623 1777 αυλην
647 1737 772 1766 vocat
791 1730 1003 1771 αἴ.θουσαν
1037 1725 1130 1766 vid
1161 1726 1337 1768 Phavor.
1367 1725 1413 1764 in
1434 1727 1634 1772 acHflovooe

183 1780 335 1822 'Salm.
366 1780 451 1838 εἶτα
470 1781 690 1839 προαύλιον
710 1782 737 1834 ἡ
759 1783 874 1835 αὐλή,
932 1785 1111 1824 Kumm.

310 1851 536 1903 αἴθουσαν]
571 1851 627 1889 Et
656 1850 739 1890 hoc
768 1851 881 1906 apud
909 1854 1138 1891 Homerum
1167 1849 1349 1903 saepius.
1407 1849 1549 1890 Unum
1571 1854 1635 1892 lo-

201 1916 292 1944 cum
313 1909 458 1957 saltem
479 1906 624 1947 afferre
643 1916 684 1947 et
702 1906 772 1947 hic
792 1912 932 1962 placet
952 1923 1005 1948 ex
1025 1906 1095 1950 ’.Ιλ
1127 1923 1152 1948 ι.

1016 1968 1235 2017 οὐδέποτ
1262 1972 1372 2040 ἔσβη.

367 2047 442 2083 πυρ
474 2033 608 2098 ἕτερον
635 2031 709 2085 μὲν
736 2025 817 2073 v‘n'
848 2028 1027 2085 αἰθουση
1057 2029 1239 2082 ευερκεός
1267 2026 1408 2080 αὐλῆς.

365 2086 460 2131 ἄλλο
479 2085 514 2129 δ’
539 2088 598 2130 ἑνὶ
616 2085 825 2142 προδόμῳ,
859 2085 1038 2138 πρόσθεν
1062 2083 1262 2140 θαλάμοιο
1288 2084 1468 2143 θυραων.
1498 2086 1632 2129 Iuno.

885 2158 951 2198 78.

311 2219 362 2264 to?
389 2219 503 2266 ἔνδον
533 2222 604 2267 τοῦ
639 2223 745 2275 etc.]
777 2222 947 2261 Titulus
972 2220 1174 2261 sectionis
1204 2220 1253 2260 V.
1287 2219 1403 2261 deest
1432 2222 1478 2261 in
1506 2223 1635 2262 Labb.

202 2276 433 2318 Iunonum.

312 2333 548 2390 περικίονα]
579 2334 688 2375 Vide
715 2335 749 2373 si
777 2334 894 2374 lubet
927 2335 1045 2373 Iunii
1077 2335 1337 2379 Nomenclat.
1370 2334 1415 2373 in
1442 2336 1636 2388 Peristy-

204 2388 323 2432 lium
382 2393 512 2434 Iuno.

315 2447 381 2490 καὶ
398 2448 525 2499 κίων]
557 2447 606 2486 In
626 2446 674 2488 C.
705 2446 751 2486 A.
784 2448 848 2490 καὶ
871 2460 958 2486 non
982 2455 1046 2485 est
1069 2445 1113 2483 in
1134 2454 1276 2494 textu,
1310 2445 1382 2486 sed
1402 2447 1634 2500 superscri—

204 2513 322 2558 ptum
349 2501 426 2544 es‘t.
487 2505 664 2543 Kumm.

314 2561 545 2616 περιότοον]
581 2560 630 2600 Α.
663 2569 703 2600 et
734 2560 777 2602 P.
808 2560 861 2599 R·
894 2560 1128 2616 περίστωον.
1190 2559 1288 2600 Snn.
