<?xml version="1.0" encoding="UTF-8"?>
<!DOCTYPE html PUBLIC "-//W3C//DTD XHTML 1.0 Transitional//EN"
    "http://www.w3.org/TR/xhtml1/DTD/xhtml1-transitional.dtd">
<html xmlns="http://www.w3.org/1999/xhtml" xml:lang="en" lang="en">
 <head>
  <title>
</title>
<meta http-equiv="Content-Type" content="text/html;charset=utf-8" />
  <meta name='ocr-system' content='tesseract 3.04.00' />
  <meta name='ocr-capabilities' content='ocr_page ocr_carea ocr_par ocr_line ocrx_word'/>
</head>
<body>
  <div class='ocr_page' id='page_1' title='image "./onomasticon04polluoft/onomasticon04polluoft_0884.png"; bbox 0 0 1670 2938; ppageno 0'>
   <div class='ocr_carea' id='block_1_1' title="bbox 180 101 1013 152">
    <p class='ocr_par' dir='ltr' id='par_1_1' title="bbox 180 101 1013 152">
     <span class='ocr_line' id='line_1_1' title="bbox 180 101 1013 152; baseline -0.006 -1"><span class='ocrx_word' id='word_1_1' title='bbox 180 109 264 152; x_wconf 81' lang='lat'><strong>878</strong></span> <span class='ocrx_word' id='word_1_2' title='bbox 355 101 360 107; x_wconf 41' lang='lat'><strong>⁸</strong></span> <span class='ocrx_word' id='word_1_3' title='bbox 782 105 858 146; x_wconf 90' lang='lat' dir='ltr'><strong>IV.</strong></span> <span class='ocrx_word' id='word_1_4' title='bbox 921 109 1013 151; x_wconf 84' lang='lat'><strong>194.</strong></span> 
     </span>
    </p>
   </div>
   <div class='ocr_carea' id='block_1_2' title="bbox 175 217 1625 2644">
    <p class='ocr_par' dir='ltr' id='par_1_2' title="bbox 182 217 1625 1003">
     <span class='ocr_line' id='line_1_2' title="bbox 295 217 1625 276; baseline 0.001 -16"><span class='ocrx_word' id='word_1_5' title='bbox 295 217 535 274; x_wconf 75' lang='grc' dir='ltr'><strong><em>ψυὸρακῖοις</em></strong></span> <span class='ocrx_word' id='word_1_6' title='bbox 561 217 592 248; x_wconf 61' lang='lat'><strong>&#39;³</strong></span> <span class='ocrx_word' id='word_1_7' title='bbox 626 219 719 272; x_wconf 74' lang='grc' dir='ltr'><strong>περὶ</strong></span> <span class='ocrx_word' id='word_1_8' title='bbox 758 218 816 274; x_wconf 76' lang='grc' dir='ltr'><strong>τῷ</strong></span> <span class='ocrx_word' id='word_1_9' title='bbox 843 219 943 272; x_wconf 66' lang='grc' dir='ltr'><strong>πμ]</strong></span> <span class='ocrx_word' id='word_1_10' title='bbox 1010 218 1174 258; x_wconf 83' lang='lat' dir='ltr'><strong>Locum</strong></span> <span class='ocrx_word' id='word_1_11' title='bbox 1214 218 1423 260; x_wconf 85' lang='lat' dir='ltr'><strong>defectum</strong></span> <span class='ocrx_word' id='word_1_12' title='bbox 1458 220 1625 276; x_wconf 80' lang='lat' dir='ltr'><strong>egregie</strong></span> 
     </span>
     <span class='ocr_line' id='line_1_3' title="bbox 183 272 1623 331; baseline 0.003 -15"><span class='ocrx_word' id='word_1_13' title='bbox 183 274 372 316; x_wconf 84' lang='lat' dir='ltr'><strong>restituit</strong></span> <span class='ocrx_word' id='word_1_14' title='bbox 398 275 489 314; x_wconf 89' lang='lat' dir='ltr'><strong>MS.</strong></span> <span class='ocrx_word' id='word_1_15' title='bbox 521 274 595 329; x_wconf 89' lang='lat' dir='ltr'><strong>qui</strong></span> <span class='ocrx_word' id='word_1_16' title='bbox 625 274 762 326; x_wconf 84' lang='lat' dir='ltr'><strong>habet,</strong></span> <span class='ocrx_word' id='word_1_17' title='bbox 794 275 1035 331; x_wconf 80' lang='grc' dir='ltr'><strong><em>ψυδρακὶοις</em></strong></span> <span class='ocrx_word' id='word_1_18' title='bbox 1063 272 1218 317; x_wconf 76' lang='grc' dir='ltr'><strong><em>ἐοικότα</em></strong></span> <span class='ocrx_word' id='word_1_19' title='bbox 1245 279 1338 329; x_wconf 67' lang='lat' dir='ltr'><strong>mot*</strong></span> <span class='ocrx_word' id='word_1_20' title='bbox 1367 277 1423 331; x_wconf 77' lang='grc' dir='ltr'><strong>τῷ</strong></span> <span class='ocrx_word' id='word_1_21' title='bbox 1441 294 1508 327; x_wconf 84' lang='grc' dir='ltr'><strong>πρ.</strong></span> <span class='ocrx_word' id='word_1_22' title='bbox 1551 278 1623 327; x_wconf 62' lang='grc' dir='ltr'><strong>,Εἴ</strong></span> 
     </span>
     <span class='ocr_line' id='line_1_4' title="bbox 185 331 1623 385; baseline 0.001 -14"><span class='ocrx_word' id='word_1_23' title='bbox 185 341 296 372; x_wconf 81' lang='lat' dir='ltr'><strong>certe</strong></span> <span class='ocrx_word' id='word_1_24' title='bbox 326 345 348 369; x_wconf 93' lang='lat' dir='ltr'><strong>a</strong></span> <span class='ocrx_word' id='word_1_25' title='bbox 380 344 505 370; x_wconf 86' lang='lat' dir='ltr'><strong>sensu</strong></span> <span class='ocrx_word' id='word_1_26' title='bbox 534 344 620 369; x_wconf 88' lang='lat' dir='ltr'><strong>non</strong></span> <span class='ocrx_word' id='word_1_27' title='bbox 650 331 858 371; x_wconf 85' lang='lat' dir='ltr'><strong>aberravit</strong></span> <span class='ocrx_word' id='word_1_28' title='bbox 888 345 1061 370; x_wconf 86' lang='lat' dir='ltr'><strong>acumen</strong></span> <span class='ocrx_word' id='word_1_29' title='bbox 1084 331 1214 371; x_wconf 86' lang='lat' dir='ltr'><strong>Henr.</strong></span> <span class='ocrx_word' id='word_1_30' title='bbox 1233 333 1451 385; x_wconf 82' lang='lat' dir='ltr'><em>Stephani,</em></span> <span class='ocrx_word' id='word_1_31' title='bbox 1478 333 1580 372; x_wconf 84' lang='lat' dir='ltr'><strong>licet</strong></span> <span class='ocrx_word' id='word_1_32' title='bbox 1601 346 1623 372; x_wconf 75' lang='lat' dir='ltr'><strong>a</strong></span> 
     </span>
     <span class='ocr_line' id='line_1_5' title="bbox 182 385 1622 443; baseline 0.001 -15"><span class='ocrx_word' id='word_1_33' title='bbox 182 386 328 428; x_wconf 86' lang='lat' dir='ltr'><strong>verbo.</strong></span> <span class='ocrx_word' id='word_1_34' title='bbox 364 385 641 438; x_wconf 87' lang='lat' dir='ltr'><strong>adscripserat</strong></span> <span class='ocrx_word' id='word_1_35' title='bbox 663 388 773 427; x_wconf 86' lang='lat' dir='ltr'><strong>enim</strong></span> <span class='ocrx_word' id='word_1_36' title='bbox 795 402 872 428; x_wconf 84' lang='lat' dir='ltr'><strong>suo</strong></span> <span class='ocrx_word' id='word_1_37' title='bbox 894 386 1067 429; x_wconf 82' lang='lat' dir='ltr'><strong>codici:</strong></span> <span class='ocrx_word' id='word_1_38' title='bbox 1100 390 1209 437; x_wconf 79' lang='grc' dir='ltr'><em>ἴσως,</em></span> <span class='ocrx_word' id='word_1_39' title='bbox 1230 391 1469 442; x_wconf 76' lang='grc' dir='ltr'><strong><em>ψυδρακίοις</em></strong></span> <span class='ocrx_word' id='word_1_40' title='bbox 1492 389 1622 443; x_wconf 86' lang='grc' dir='ltr'><strong><em>ὅμοια.</em></strong></span> 
     </span>
     <span class='ocr_line' id='line_1_6' title="bbox 183 441 1622 498; baseline 0 -16"><span class='ocrx_word' id='word_1_41' title='bbox 183 441 401 482; x_wconf 86' lang='lat' dir='ltr'><strong>audaciam</strong></span> <span class='ocrx_word' id='word_1_42' title='bbox 420 451 558 481; x_wconf 87' lang='lat' dir='ltr'><strong>tamen</strong></span> <span class='ocrx_word' id='word_1_43' title='bbox 585 443 676 482; x_wconf 90' lang='lat' dir='ltr'><strong>eius</strong></span> <span class='ocrx_word' id='word_1_44' title='bbox 700 443 744 482; x_wconf 88' lang='lat' dir='ltr'><strong>in</strong></span> <span class='ocrx_word' id='word_1_45' title='bbox 772 443 992 484; x_wconf 86' lang='lat' dir='ltr'>Thesauro</span> <span class='ocrx_word' id='word_1_46' title='bbox 1024 457 1109 483; x_wconf 90' lang='lat' dir='ltr'><strong>non</strong></span> <span class='ocrx_word' id='word_1_47' title='bbox 1139 443 1313 497; x_wconf 85' lang='lat' dir='ltr'><strong>probare</strong></span> <span class='ocrx_word' id='word_1_48' title='bbox 1333 459 1517 498; x_wconf 83' lang='lat' dir='ltr'><strong>possum,</strong></span> <span class='ocrx_word' id='word_1_49' title='bbox 1548 445 1622 483; x_wconf 91' lang='lat' dir='ltr'><strong>ubi</strong></span> 
     </span>
     <span class='ocr_line' id='line_1_7' title="bbox 183 497 1623 555; baseline 0.001 -17"><span class='ocrx_word' id='word_1_50' title='bbox 183 498 300 538; x_wconf 90' lang='lat' dir='ltr'><strong>hunc</strong></span> <span class='ocrx_word' id='word_1_51' title='bbox 328 500 469 537; x_wconf 89' lang='lat' dir='ltr'><strong>locum</strong></span> <span class='ocrx_word' id='word_1_52' title='bbox 497 499 558 536; x_wconf 90' lang='lat' dir='ltr'><strong>ita</strong></span> <span class='ocrx_word' id='word_1_53' title='bbox 584 499 714 539; x_wconf 86' lang='lat' dir='ltr'>refert</span> <span class='ocrx_word' id='word_1_54' title='bbox 736 500 828 540; x_wconf 86' lang='lat' dir='ltr'><strong>sine</strong></span> <span class='ocrx_word' id='word_1_55' title='bbox 847 502 931 538; x_wconf 88' lang='lat' dir='ltr'><strong>ulla</strong></span> <span class='ocrx_word' id='word_1_56' title='bbox 950 497 1140 539; x_wconf 77' lang='lat' dir='ltr'><strong>defectus</strong></span> <span class='ocrx_word' id='word_1_57' title='bbox 1162 498 1466 552; x_wconf 81' lang='lat' dir='ltr'><strong>admonitione,</strong></span> <span class='ocrx_word' id='word_1_58' title='bbox 1501 501 1623 555; x_wconf 81' lang='lat' dir='ltr'><strong>quasi</strong></span> 
     </span>
     <span class='ocr_line' id='line_1_8' title="bbox 182 553 1624 611; baseline 0.001 -17"><span class='ocrx_word' id='word_1_59' title='bbox 182 554 386 608; x_wconf 79' lang='lat' dir='ltr'><strong>scriptum</strong></span> <span class='ocrx_word' id='word_1_60' title='bbox 416 562 537 605; x_wconf 81' lang='lat' dir='ltr'><strong>esset,</strong></span> <span class='ocrx_word' id='word_1_61' title='bbox 565 557 806 611; x_wconf 71' lang='grc' dir='ltr'><strong><em>ψυδρακίοις</em></strong></span> <span class='ocrx_word' id='word_1_62' title='bbox 834 553 1122 609; x_wconf 75' lang='grc' dir='ltr'><strong><em>παραπλήσιοι.</em></strong></span> <span class='ocrx_word' id='word_1_63' title='bbox 1186 554 1550 610; x_wconf 80' lang='lat' dir='ltr'><strong>Quemadmodum</strong></span> <span class='ocrx_word' id='word_1_64' title='bbox 1581 565 1624 596; x_wconf 90' lang='lat' dir='ltr'><strong>et</strong></span> 
     </span>
     <span class='ocr_line' id='line_1_9' title="bbox 183 609 1622 664; baseline 0.001 -14"><span class='ocrx_word' id='word_1_65' title='bbox 183 611 360 650; x_wconf 68' lang='lat' dir='ltr'><strong>Faesiae</strong></span> <span class='ocrx_word' id='word_1_66' title='bbox 390 609 550 651; x_wconf 87' lang='lat' dir='ltr'><strong>Oecon.</strong></span> <span class='ocrx_word' id='word_1_67' title='bbox 580 613 782 664; x_wconf 81' lang='lat' dir='ltr'><strong>Hippocr.</strong></span> <span class='ocrx_word' id='word_1_68' title='bbox 813 611 857 650; x_wconf 90' lang='lat' dir='ltr'><strong>in</strong></span> <span class='ocrx_word' id='word_1_69' title='bbox 884 615 1021 661; x_wconf 78' lang='grc' dir='ltr'><em>ἴονθος</em></span> <span class='ocrx_word' id='word_1_70' title='bbox 1046 610 1187 658; x_wconf 82' lang='lat' dir='ltr'><strong>habet,</strong></span> <span class='ocrx_word' id='word_1_71' title='bbox 1218 610 1310 652; x_wconf 76' lang='lat' dir='ltr'><strong>sine</strong></span> <span class='ocrx_word' id='word_1_72' title='bbox 1339 611 1470 654; x_wconf 83' lang='lat' dir='ltr'><strong>dubio</strong></span> <span class='ocrx_word' id='word_1_73' title='bbox 1500 627 1552 653; x_wconf 85' lang='lat' dir='ltr'><strong>ex</strong></span> <span class='ocrx_word' id='word_1_74' title='bbox 1571 625 1622 652; x_wconf 87' lang='lat' dir='ltr'><strong>eo</strong></span> 
     </span>
     <span class='ocr_line' id='line_1_10' title="bbox 183 665 1622 723; baseline 0.001 -17"><span class='ocrx_word' id='word_1_75' title='bbox 183 665 497 707; x_wconf 72' lang='lat' dir='ltr'><strong>transscribens.</strong></span> <span class='ocrx_word' id='word_1_76' title='bbox 555 666 672 707; x_wconf 87' lang='lat' dir='ltr'><strong>Idem</strong></span> <span class='ocrx_word' id='word_1_77' title='bbox 698 670 873 708; x_wconf 74' lang='lat' dir='ltr'><strong>Foesius</strong></span> <span class='ocrx_word' id='word_1_78' title='bbox 895 667 1050 708; x_wconf 86' lang='lat' dir='ltr'><strong>ibidem</strong></span> <span class='ocrx_word' id='word_1_79' title='bbox 1069 667 1238 708; x_wconf 88' lang='lat' dir='ltr'><strong>videtur</strong></span> <span class='ocrx_word' id='word_1_80' title='bbox 1255 670 1391 723; x_wconf 83' lang='lat' dir='ltr'><strong>legere</strong></span> <span class='ocrx_word' id='word_1_81' title='bbox 1410 671 1533 708; x_wconf 86' lang='lat' dir='ltr'><strong>malle</strong></span> <span class='ocrx_word' id='word_1_82' title='bbox 1550 668 1622 708; x_wconf 84' lang='lat' dir='ltr'><strong>hie</strong></span> 
     </span>
     <span class='ocr_line' id='line_1_11' title="bbox 183 720 1621 779; baseline 0.001 -17"><span class='ocrx_word' id='word_1_83' title='bbox 183 721 298 776; x_wconf 88' lang='lat' dir='ltr'><strong>apud</strong></span> <span class='ocrx_word' id='word_1_84' title='bbox 325 721 535 761; x_wconf 79' lang='lat' dir='ltr'><strong>Pollucem</strong></span> <span class='ocrx_word' id='word_1_85' title='bbox 559 720 819 778; x_wconf 71' lang='grc' dir='ltr'><em>ἐξανθήματα</em></span> <span class='ocrx_word' id='word_1_86' title='bbox 848 738 925 778; x_wconf 89' lang='lat' dir='ltr'><strong>pro</strong></span> <span class='ocrx_word' id='word_1_87' title='bbox 956 726 1128 779; x_wconf 82' lang='lat' dir='ltr'><strong>vulgato</strong></span> <span class='ocrx_word' id='word_1_88' title='bbox 1149 722 1379 776; x_wconf 76' lang='grc' dir='ltr'><strong><em>ἀνθήματα.</em></strong></span> <span class='ocrx_word' id='word_1_89' title='bbox 1407 723 1452 764; x_wconf 89' lang='lat' dir='ltr'><strong>id</strong></span> <span class='ocrx_word' id='word_1_90' title='bbox 1483 734 1621 764; x_wconf 78' lang='lat' dir='ltr'><strong>tamen</strong></span> 
     </span>
     <span class='ocr_line' id='line_1_12' title="bbox 183 777 1624 834; baseline 0.001 -16"><span class='ocrx_word' id='word_1_91' title='bbox 183 788 227 818; x_wconf 86' lang='lat' dir='ltr'><strong>et</strong></span> <span class='ocrx_word' id='word_1_92' title='bbox 247 778 337 818; x_wconf 89' lang='lat' dir='ltr'><strong>MS.</strong></span> <span class='ocrx_word' id='word_1_93' title='bbox 366 777 505 829; x_wconf 82' lang='lat' dir='ltr'><strong>habet,</strong></span> <span class='ocrx_word' id='word_1_94' title='bbox 535 789 578 819; x_wconf 90' lang='lat' dir='ltr'><strong>et</strong></span> <span class='ocrx_word' id='word_1_95' title='bbox 595 783 691 819; x_wconf 89' lang='lat' dir='ltr'><strong>loco</strong></span> <span class='ocrx_word' id='word_1_96' title='bbox 718 779 973 821; x_wconf 86' lang='lat' dir='ltr'><strong>movendum</strong></span> <span class='ocrx_word' id='word_1_97' title='bbox 999 794 1086 819; x_wconf 85' lang='lat' dir='ltr'><strong>non</strong></span> <span class='ocrx_word' id='word_1_98' title='bbox 1111 779 1291 823; x_wconf 86' lang='lat' dir='ltr'><strong>videtur.</strong></span> <span class='ocrx_word' id='word_1_99' title='bbox 1325 781 1384 820; x_wconf 87' lang='lat' dir='ltr'><strong>Et</strong></span> <span class='ocrx_word' id='word_1_100' title='bbox 1400 781 1624 834; x_wconf 65' lang='lat' dir='ltr'><strong>Hesychius</strong></span> 
     </span>
     <span class='ocr_line' id='line_1_13' title="bbox 183 833 1620 891; baseline 0.003 -16"><span class='ocrx_word' id='word_1_101' title='bbox 183 833 236 875; x_wconf 87' lang='lat' dir='ltr'><strong>de</strong></span> <span class='ocrx_word' id='word_1_102' title='bbox 263 837 383 874; x_wconf 85' lang='lat' dir='ltr'><strong>leuce</strong></span> <span class='ocrx_word' id='word_1_103' title='bbox 412 833 580 886; x_wconf 88' lang='lat' dir='ltr'><strong>dicens,</strong></span> <span class='ocrx_word' id='word_1_104' title='bbox 613 833 730 887; x_wconf 77' lang='grc' dir='ltr'><strong>λεῦκη</strong></span> <span class='ocrx_word' id='word_1_105' title='bbox 762 837 886 885; x_wconf 76' lang='grc' dir='ltr'><em>ἄνθος</em></span> <span class='ocrx_word' id='word_1_106' title='bbox 916 853 957 879; x_wconf 82' lang='grc' dir='ltr'><strong><em>τι</em></strong></span> <span class='ocrx_word' id='word_1_107' title='bbox 985 837 1063 878; x_wconf 78' lang='grc' dir='ltr'><strong>τῶν</strong></span> <span class='ocrx_word' id='word_1_108' title='bbox 1087 838 1177 890; x_wconf 77' lang='grc' dir='ltr'><strong>περὶ</strong></span> <span class='ocrx_word' id='word_1_109' title='bbox 1195 834 1243 879; x_wconf 62' lang='lat' dir='ltr'><strong>to*</strong></span> <span class='ocrx_word' id='word_1_110' title='bbox 1259 837 1374 889; x_wconf 73' lang='grc' dir='ltr'><strong><em>σῶμα</em></strong></span> <span class='ocrx_word' id='word_1_111' title='bbox 1392 838 1620 891; x_wconf 72' lang='grc' dir='ltr'><em>γινομένων,</em></span> 
     </span>
     <span class='ocr_line' id='line_1_14' title="bbox 184 889 1623 948; baseline 0.002 -18"><span class='ocrx_word' id='word_1_112' title='bbox 184 889 323 930; x_wconf 90' lang='lat' dir='ltr'><strong>adhuc</strong></span> <span class='ocrx_word' id='word_1_113' title='bbox 351 889 597 930; x_wconf 86' lang='lat' dir='ltr'><strong>inusitatius</strong></span> <span class='ocrx_word' id='word_1_114' title='bbox 624 894 828 948; x_wconf 77' lang='lat' dir='ltr'><strong>loquutus</strong></span> <span class='ocrx_word' id='word_1_115' title='bbox 855 906 943 933; x_wconf 79' lang='lat' dir='ltr'><strong>esse</strong></span> <span class='ocrx_word' id='word_1_116' title='bbox 971 891 1108 933; x_wconf 88' lang='lat' dir='ltr'><strong>videri</strong></span> <span class='ocrx_word' id='word_1_117' title='bbox 1134 903 1284 946; x_wconf 85' lang='lat' dir='ltr'><strong>queat:</strong></span> <span class='ocrx_word' id='word_1_118' title='bbox 1313 893 1396 933; x_wconf 77' lang='lat' dir='ltr'><strong>nisi</strong></span> <span class='ocrx_word' id='word_1_119' title='bbox 1423 892 1560 943; x_wconf 72' lang='grc' dir='ltr'><em>πάθος</em></span> <span class='ocrx_word' id='word_1_120' title='bbox 1583 911 1623 937; x_wconf 69' lang='grc' dir='ltr'><strong>τι</strong></span> 
     </span>
     <span class='ocr_line' id='line_1_15' title="bbox 182 944 1170 1003; baseline 0.003 -18"><span class='ocrx_word' id='word_1_121' title='bbox 182 947 249 985; x_wconf 17' lang='lat' dir='ltr'><strong>sit.</strong></span> <span class='ocrx_word' id='word_1_122' title='bbox 261 944 375 999; x_wconf 84' lang='lat' dir='ltr'><strong>apud</strong></span> <span class='ocrx_word' id='word_1_123' title='bbox 397 945 514 985; x_wconf 90' lang='lat' dir='ltr'><strong>illum</strong></span> <span class='ocrx_word' id='word_1_124' title='bbox 534 948 799 988; x_wconf 81' lang='lat' dir='ltr'><strong>scribendum</strong></span> <span class='ocrx_word' id='word_1_125' title='bbox 826 949 984 1003; x_wconf 81' lang='lat' dir='ltr'><strong>potius.</strong></span> <span class='ocrx_word' id='word_1_126' title='bbox 1042 949 1170 991; x_wconf 70' lang='lat' dir='ltr'><strong>Iuno.</strong></span> 
     </span>
    </p>

    <p class='ocr_par' dir='ltr' id='par_1_3' title="bbox 179 1003 1625 1502">
     <span class='ocr_line' id='line_1_16' title="bbox 294 1003 1624 1061; baseline 0.004 -18"><span class='ocrx_word' id='word_1_127' title='bbox 294 1004 534 1056; x_wconf 80' lang='grc' dir='ltr'><strong><em>ψυὸρακῖοις</em></strong></span> <span class='ocrx_word' id='word_1_128' title='bbox 561 1004 591 1034; x_wconf 66' lang='grc'><em>*</em></span> <span class='ocrx_word' id='word_1_129' title='bbox 621 1006 713 1059; x_wconf 68' lang='grc' dir='ltr'><strong>περὶ</strong></span> <span class='ocrx_word' id='word_1_130' title='bbox 737 1006 791 1060; x_wconf 81' lang='grc' dir='ltr'><strong>τῷ</strong></span> <span class='ocrx_word' id='word_1_131' title='bbox 823 1005 919 1061; x_wconf 68' lang='grc' dir='ltr'><strong>πμ]</strong></span> <span class='ocrx_word' id='word_1_132' title='bbox 977 1005 1081 1044; x_wconf 88' lang='lat' dir='ltr'><strong>Post</strong></span> <span class='ocrx_word' id='word_1_133' title='bbox 1113 1003 1356 1057; x_wconf 78' lang='grc' dir='ltr'><strong><em>ψυδρακίοις</em></strong></span> <span class='ocrx_word' id='word_1_134' title='bbox 1386 1006 1552 1046; x_wconf 79' lang='lat' dir='ltr'><strong>auctius</strong></span> <span class='ocrx_word' id='word_1_135' title='bbox 1580 1016 1624 1048; x_wconf 83' lang='lat' dir='ltr'><strong>et</strong></span> 
     </span>
     <span class='ocr_line' id='line_1_17' title="bbox 183 1057 1622 1117; baseline 0.005 -21"><span class='ocrx_word' id='word_1_136' title='bbox 183 1057 345 1111; x_wconf 85' lang='lat' dir='ltr'><strong>optime</strong></span> <span class='ocrx_word' id='word_1_137' title='bbox 365 1067 414 1096; x_wconf 89' lang='lat' dir='ltr'><strong>ut</strong></span> <span class='ocrx_word' id='word_1_138' title='bbox 430 1060 589 1114; x_wconf 78' lang='lat' dir='ltr'><strong>reliqui</strong></span> <span class='ocrx_word' id='word_1_139' title='bbox 610 1061 753 1100; x_wconf 85' lang='lat' dir='ltr'><strong>Mssti</strong></span> <span class='ocrx_word' id='word_1_140' title='bbox 777 1059 935 1104; x_wconf 78' lang='grc' dir='ltr'><strong><em>ἐοικότα</em></strong></span> <span class='ocrx_word' id='word_1_141' title='bbox 964 1060 1090 1100; x_wconf 85' lang='lat' dir='ltr'><strong>habet</strong></span> <span class='ocrx_word' id='word_1_142' title='bbox 1107 1061 1468 1115; x_wconf 77' lang='lat' dir='ltr'><strong>Falckenburgius,</strong></span> <span class='ocrx_word' id='word_1_143' title='bbox 1499 1077 1622 1117; x_wconf 90' lang='lat' dir='ltr'><strong>quam</strong></span> 
     </span>
     <span class='ocr_line' id='line_1_18' title="bbox 183 1113 1623 1174; baseline 0.003 -20"><span class='ocrx_word' id='word_1_144' title='bbox 183 1127 335 1154; x_wconf 85' lang='lat' dir='ltr'><strong>vocem</strong></span> <span class='ocrx_word' id='word_1_145' title='bbox 354 1113 579 1167; x_wconf 83' lang='lat' dir='ltr'><strong>fugitivam</strong></span> <span class='ocrx_word' id='word_1_146' title='bbox 601 1117 740 1156; x_wconf 87' lang='lat' dir='ltr'><strong>textui</strong></span> <span class='ocrx_word' id='word_1_147' title='bbox 761 1118 898 1157; x_wconf 81' lang='lat' dir='ltr'><strong>nostri</strong></span> <span class='ocrx_word' id='word_1_148' title='bbox 916 1115 1103 1156; x_wconf 76' lang='lat' dir='ltr'><strong>Pollucis</strong></span> <span class='ocrx_word' id='word_1_149' title='bbox 1123 1117 1309 1166; x_wconf 88' lang='lat' dir='ltr'><strong>restitui,</strong></span> <span class='ocrx_word' id='word_1_150' title='bbox 1340 1117 1520 1169; x_wconf 75' lang='lat' dir='ltr'><strong>sublato,</strong></span> <span class='ocrx_word' id='word_1_151' title='bbox 1549 1120 1623 1174; x_wconf 83' lang='lat' dir='ltr'><strong>qul</strong></span> 
     </span>
     <span class='ocr_line' id='line_1_19' title="bbox 185 1168 1622 1226; baseline 0.004 -16"><span class='ocrx_word' id='word_1_152' title='bbox 185 1168 376 1210; x_wconf 83' lang='lat' dir='ltr'><strong>defectus</strong></span> <span class='ocrx_word' id='word_1_153' title='bbox 401 1180 544 1210; x_wconf 85' lang='lat' dir='ltr'><strong>notam</strong></span> <span class='ocrx_word' id='word_1_154' title='bbox 563 1171 608 1210; x_wconf 88' lang='lat' dir='ltr'><strong>in</strong></span> <span class='ocrx_word' id='word_1_155' title='bbox 629 1172 774 1211; x_wconf 89' lang='lat' dir='ltr'><strong>ultima</strong></span> <span class='ocrx_word' id='word_1_156' title='bbox 798 1173 939 1212; x_wconf 82' lang='lat' dir='ltr'><strong>Seben‘</strong></span> <span class='ocrx_word' id='word_1_157' title='bbox 956 1172 1149 1213; x_wconf 88' lang='lat' dir='ltr'><strong>editione</strong></span> <span class='ocrx_word' id='word_1_158' title='bbox 1170 1172 1622 1226; x_wconf 77' lang='lat' dir='ltr'><strong>indicabat,asterisoo.</strong></span> 
     </span>
     <span class='ocr_line' id='line_1_20' title="bbox 200 1233 1625 1297; baseline 0.002 -19"><span class='ocrx_word' id='word_1_159' title='bbox 200 1286 203 1289; x_wconf 29' lang='grc'>,</span> <span class='ocrx_word' id='word_1_160' title='bbox 294 1233 447 1290; x_wconf 78' lang='grc' dir='ltr'><strong><em>α’κμῆς]</em></strong></span> <span class='ocrx_word' id='word_1_161' title='bbox 493 1239 642 1280; x_wconf 86' lang='lat' dir='ltr'><strong>MSSti</strong></span> <span class='ocrx_word' id='word_1_162' title='bbox 669 1239 937 1295; x_wconf 86' lang='lat' dir='ltr'><strong>subiungunt</strong></span> <span class='ocrx_word' id='word_1_163' title='bbox 958 1238 1178 1295; x_wconf 77' lang='grc' dir='ltr'><strong><em>ψυδράκια.</em></strong></span> <span class='ocrx_word' id='word_1_164' title='bbox 1209 1240 1306 1280; x_wconf 84' lang='lat' dir='ltr'><strong>dein</strong></span> <span class='ocrx_word' id='word_1_165' title='bbox 1339 1241 1388 1285; x_wconf 78' lang='lat' dir='ltr'><strong>C.</strong></span> <span class='ocrx_word' id='word_1_166' title='bbox 1416 1241 1468 1284; x_wconf 85' lang='lat' dir='ltr'><strong>A.</strong></span> <span class='ocrx_word' id='word_1_167' title='bbox 1497 1234 1625 1297; x_wconf 72' lang='grc' dir='ltr'><strong><em>μικροῖ</em></strong></span> 
     </span>
     <span class='ocr_line' id='line_1_21' title="bbox 181 1288 1623 1350; baseline 0.006 -16"><span class='ocrx_word' id='word_1_168' title='bbox 181 1288 433 1348; x_wconf 73' lang='grc' dir='ltr'><strong><em>φλύκταιναι.</em></strong></span> <span class='ocrx_word' id='word_1_169' title='bbox 471 1292 518 1336; x_wconf 93' lang='lat' dir='ltr'><strong>C.</strong></span> <span class='ocrx_word' id='word_1_170' title='bbox 552 1295 603 1335; x_wconf 86' lang='lat' dir='ltr'><strong>V.</strong></span> <span class='ocrx_word' id='word_1_171' title='bbox 634 1293 785 1350; x_wconf 75' lang='grc' dir='ltr'><strong><em>σμικροὶ</em></strong></span> <span class='ocrx_word' id='word_1_172' title='bbox 818 1293 1073 1349; x_wconf 82' lang='grc' dir='ltr'><strong><em>φλύκταιναι.</em></strong></span> <span class='ocrx_word' id='word_1_173' title='bbox 1104 1296 1150 1336; x_wconf 92' lang='lat' dir='ltr'><strong>C.</strong></span> <span class='ocrx_word' id='word_1_174' title='bbox 1183 1297 1233 1336; x_wconf 92' lang='lat' dir='ltr'><strong>A.</strong></span> <span class='ocrx_word' id='word_1_175' title='bbox 1271 1295 1464 1340; x_wconf 75' lang='grc' dir='ltr'><strong><em>ὕπώπιαι.</em></strong></span> <span class='ocrx_word' id='word_1_176' title='bbox 1491 1299 1540 1342; x_wconf 90' lang='lat' dir='ltr'><strong>C.</strong></span> <span class='ocrx_word' id='word_1_177' title='bbox 1572 1301 1623 1341; x_wconf 84' lang='lat' dir='ltr'><strong>V.</strong></span> 
     </span>
     <span class='ocr_line' id='line_1_22' title="bbox 182 1349 1623 1403; baseline 0.003 -14"><span class='ocrx_word' id='word_1_178' title='bbox 182 1349 334 1389; x_wconf 84' lang='lat' dir='ltr'><strong>melius</strong></span> <span class='ocrx_word' id='word_1_179' title='bbox 356 1349 563 1397; x_wconf 79' lang='grc' dir='ltr'><strong><em>ὐποπυίαι.</em></strong></span> <span class='ocrx_word' id='word_1_180' title='bbox 593 1350 706 1392; x_wconf 88' lang='lat' dir='ltr'><strong>unde</strong></span> <span class='ocrx_word' id='word_1_181' title='bbox 739 1352 933 1403; x_wconf 83' lang='lat' dir='ltr'><strong>facerem,</strong></span> <span class='ocrx_word' id='word_1_182' title='bbox 965 1349 1147 1395; x_wconf 78' lang='grc' dir='ltr'><strong><em>ύπόπυαι</em></strong></span> <span class='ocrx_word' id='word_1_183' title='bbox 1166 1355 1232 1392; x_wconf 85' lang='lat' dir='ltr'><strong>vel</strong></span> <span class='ocrx_word' id='word_1_184' title='bbox 1253 1351 1440 1395; x_wconf 74' lang='grc' dir='ltr'><strong><em>ὕπόπυοι.</em></strong></span> <span class='ocrx_word' id='word_1_185' title='bbox 1499 1354 1623 1394; x_wconf 89' lang='lat' dir='ltr'><strong>Uter-</strong></span> 
     </span>
     <span class='ocr_line' id='line_1_23' title="bbox 179 1401 1622 1502; baseline 0.004 -56"><span class='ocrx_word' id='word_1_186' title='bbox 179 1419 266 1502; x_wconf 52' lang='lat' dir='ltr'><strong>}{ue</strong></span> <span class='ocrx_word' id='word_1_187' title='bbox 285 1406 406 1462; x_wconf 73' lang='grc' dir='ltr'><strong>φακῷ</strong></span> <span class='ocrx_word' id='word_1_188' title='bbox 422 1401 573 1462; x_wconf 70' lang='grc' dir='ltr'><strong><em>ὅμοιαι.</em></strong></span> <span class='ocrx_word' id='word_1_189' title='bbox 593 1424 631 1449; x_wconf 81' lang='grc' dir='ltr'><strong>τ.</strong></span> <span class='ocrx_word' id='word_1_190' title='bbox 656 1405 692 1450; x_wconf 86' lang='lat' dir='ltr'><strong>o’.</strong></span> <span class='ocrx_word' id='word_1_191' title='bbox 724 1410 908 1464; x_wconf 74' lang='grc' dir='ltr'><em>συγγενὲς</em></span> <span class='ocrx_word' id='word_1_192' title='bbox 927 1406 956 1459; x_wconf 81' lang='grc' dir='ltr'><em>ἢ</em></span> <span class='ocrx_word' id='word_1_193' title='bbox 971 1410 1149 1463; x_wconf 76' lang='grc' dir='ltr'><strong><em>ἕπιγενές</em></strong></span> <span class='ocrx_word' id='word_1_194' title='bbox 1170 1422 1256 1448; x_wconf 89' lang='lat' dir='ltr'><strong>non</strong></span> <span class='ocrx_word' id='word_1_195' title='bbox 1280 1409 1473 1464; x_wconf 84' lang='lat' dir='ltr'><strong>agnoscit</strong></span> <span class='ocrx_word' id='word_1_196' title='bbox 1503 1410 1551 1450; x_wconf 93' lang='lat' dir='ltr'><strong>C.</strong></span> <span class='ocrx_word' id='word_1_197' title='bbox 1570 1412 1622 1453; x_wconf 87' lang='lat' dir='ltr'><strong>A.</strong></span> 
     </span>
    </p>

    <p class='ocr_par' dir='ltr' id='par_1_4' title="bbox 229 1474 361 1502">
     <span class='ocr_line' id='line_1_24' title="bbox 229 1474 361 1502; baseline -0.008 0"><span class='ocrx_word' id='word_1_198' title='bbox 229 1474 361 1502; x_wconf 79' lang='lat' dir='ltr'><strong>UEHN.</strong></span> 
     </span>
    </p>

    <p class='ocr_par' dir='ltr' id='par_1_5' title="bbox 179 1516 1623 2022">
     <span class='ocr_line' id='line_1_25' title="bbox 293 1516 1623 1575; baseline 0.004 -15"><span class='ocrx_word' id='word_1_199' title='bbox 293 1517 455 1573; x_wconf 69' lang='grc' dir='ltr'><strong><em>ἀκμῆς]</em></strong></span> <span class='ocrx_word' id='word_1_200' title='bbox 513 1519 604 1560; x_wconf 90' lang='lat' dir='ltr'><strong>MS.</strong></span> <span class='ocrx_word' id='word_1_201' title='bbox 654 1528 745 1560; x_wconf 87' lang='lat' dir='ltr'><strong>tota</strong></span> <span class='ocrx_word' id='word_1_202' title='bbox 779 1519 894 1561; x_wconf 86' lang='lat' dir='ltr'><strong>linea</strong></span> <span class='ocrx_word' id='word_1_203' title='bbox 927 1520 1090 1560; x_wconf 87' lang='lat' dir='ltr'><strong>auctius</strong></span> <span class='ocrx_word' id='word_1_204' title='bbox 1117 1521 1200 1560; x_wconf 88' lang='lat' dir='ltr'><strong>ita:</strong></span> <span class='ocrx_word' id='word_1_205' title='bbox 1237 1516 1384 1574; x_wconf 76' lang='grc' dir='ltr'><strong><em>α’κμῆς.</em></strong></span> <span class='ocrx_word' id='word_1_206' title='bbox 1417 1519 1623 1575; x_wconf 80' lang='grc' dir='ltr'><strong><em>ψυδρᾶκια</em></strong></span> 
     </span>
     <span class='ocr_line' id='line_1_26' title="bbox 179 1571 1622 1633; baseline 0.001 -15"><span class='ocrx_word' id='word_1_207' title='bbox 179 1573 352 1628; x_wconf 78' lang='grc' dir='ltr'><strong><em>σμικροῖ.</em></strong></span> <span class='ocrx_word' id='word_1_208' title='bbox 383 1571 645 1628; x_wconf 77' lang='grc' dir='ltr'><strong><em>φλύκταιναι,</em></strong></span> <span class='ocrx_word' id='word_1_209' title='bbox 673 1576 889 1623; x_wconf 63' lang='lat' dir='ltr'><strong>danuam,</strong></span> <span class='ocrx_word' id='word_1_210' title='bbox 921 1575 1044 1632; x_wconf 73' lang='grc' dir='ltr'><strong>φακῷ</strong></span> <span class='ocrx_word' id='word_1_211' title='bbox 1067 1578 1205 1631; x_wconf 83' lang='grc' dir='ltr'><strong><em>ὅμοιαι</em></strong></span> <span class='ocrx_word' id='word_1_212' title='bbox 1229 1575 1284 1630; x_wconf 79' lang='grc' dir='ltr'><strong>’τῷ</strong></span> <span class='ocrx_word' id='word_1_213' title='bbox 1309 1575 1344 1620; x_wconf 73' lang='grc' dir='ltr'><strong>θ’.</strong></span> <span class='ocrx_word' id='word_1_214' title='bbox 1404 1577 1622 1633; x_wconf 83' lang='lat' dir='ltr'><strong>Quicquid</strong></span> 
     </span>
     <span class='ocr_line' id='line_1_27' title="bbox 181 1631 1620 1688; baseline 0.003 -18"><span class='ocrx_word' id='word_1_215' title='bbox 181 1631 254 1681; x_wconf 69' lang='lat' dir='ltr'><strong>sit,</strong></span> <span class='ocrx_word' id='word_1_216' title='bbox 285 1631 392 1670; x_wconf 82' lang='lat' dir='ltr'><strong>mihi</strong></span> <span class='ocrx_word' id='word_1_217' title='bbox 412 1641 574 1671; x_wconf 89' lang='lat' dir='ltr'><strong>tantum</strong></span> <span class='ocrx_word' id='word_1_218' title='bbox 595 1634 816 1672; x_wconf 72' lang='lat' dir='ltr'><strong>lenticulas·</strong></span> <span class='ocrx_word' id='word_1_219' title='bbox 837 1632 1174 1674; x_wconf 81' lang='lat' dir='ltr'><strong>circumscribere</strong></span> <span class='ocrx_word' id='word_1_220' title='bbox 1195 1633 1377 1682; x_wconf 84' lang='lat' dir='ltr'><strong>videtur,</strong></span> <span class='ocrx_word' id='word_1_221' title='bbox 1409 1634 1523 1688; x_wconf 86' lang='lat' dir='ltr'><strong>quod</strong></span> <span class='ocrx_word' id='word_1_222' title='bbox 1544 1637 1620 1675; x_wconf 86' lang='lat' dir='ltr'><strong>sci-</strong></span> 
     </span>
     <span class='ocr_line' id='line_1_28' title="bbox 179 1682 1623 1743; baseline 0.001 -13"><span class='ocrx_word' id='word_1_223' title='bbox 179 1686 284 1727; x_wconf 70' lang='lat' dir='ltr'><strong>licet</strong></span> <span class='ocrx_word' id='word_1_224' title='bbox 307 1687 395 1727; x_wconf 71' lang='lat' dir='ltr'><strong>Sint</strong></span> <span class='ocrx_word' id='word_1_225' title='bbox 411 1682 620 1741; x_wconf 74' lang='grc' dir='ltr'><strong><em>ψυδρᾶκια</em></strong></span> <span class='ocrx_word' id='word_1_226' title='bbox 644 1686 806 1743; x_wconf 63' lang='grc' dir='ltr'><strong><em>σμικρά,</em></strong></span> <span class='ocrx_word' id='word_1_227' title='bbox 834 1684 1074 1742; x_wconf 69' lang='grc' dir='ltr'><strong><em>φλύκταιναι</em></strong></span> <span class='ocrx_word' id='word_1_228' title='bbox 1093 1687 1275 1734; x_wconf 74' lang='grc' dir='ltr'><strong><em>’ὐπόπυαι</em></strong></span> <span class='ocrx_word' id='word_1_229' title='bbox 1293 1689 1370 1743; x_wconf 79' lang='lat' dir='ltr'><strong>(ita</strong></span> <span class='ocrx_word' id='word_1_230' title='bbox 1393 1689 1505 1730; x_wconf 75' lang='lat' dir='ltr'><strong>enim</strong></span> <span class='ocrx_word' id='word_1_231' title='bbox 1525 1691 1623 1731; x_wconf 82' lang='lat' dir='ltr'><strong>scri·</strong></span> 
     </span>
     <span class='ocr_line' id='line_1_29' title="bbox 180 1740 1619 1801; baseline 0.004 -20"><span class='ocrx_word' id='word_1_232' title='bbox 180 1740 366 1782; x_wconf 88' lang='lat' dir='ltr'><strong>bendum</strong></span> <span class='ocrx_word' id='word_1_233' title='bbox 395 1747 462 1784; x_wconf 84' lang='lat' dir='ltr'><strong>vel</strong></span> <span class='ocrx_word' id='word_1_234' title='bbox 490 1743 694 1792; x_wconf 70' lang='lat' dir='ltr'><strong>v‘no&#39;nvm,</strong></span> <span class='ocrx_word' id='word_1_235' title='bbox 737 1755 780 1786; x_wconf 89' lang='lat' dir='ltr'><strong>et</strong></span> <span class='ocrx_word' id='word_1_236' title='bbox 819 1744 1192 1801; x_wconf 84' lang='lat' dir='ltr'><strong>distinguendum)</strong></span> <span class='ocrx_word' id='word_1_237' title='bbox 1230 1746 1347 1801; x_wconf 73' lang='grc' dir='ltr'><strong>φακῷ</strong></span> <span class='ocrx_word' id='word_1_238' title='bbox 1379 1745 1523 1798; x_wconf 72' lang='grc' dir='ltr'><strong><em>ὅμοιαί</em></strong></span> <span class='ocrx_word' id='word_1_239' title='bbox 1541 1757 1619 1787; x_wconf 84' lang='lat' dir='ltr'><strong>etc.</strong></span> 
     </span>
     <span class='ocr_line' id='line_1_30' title="bbox 179 1799 1620 1857; baseline 0.005 -20"><span class='ocrx_word' id='word_1_240' title='bbox 179 1799 464 1838; x_wconf 82' lang='lat' dir='ltr'><strong>Peritioribus</strong></span> <span class='ocrx_word' id='word_1_241' title='bbox 493 1801 604 1840; x_wconf 85' lang='lat' dir='ltr'><strong>forte</strong></span> <span class='ocrx_word' id='word_1_242' title='bbox 630 1800 761 1841; x_wconf 91' lang='lat' dir='ltr'><strong>debeo</strong></span> <span class='ocrx_word' id='word_1_243' title='bbox 792 1801 934 1842; x_wconf 85' lang='lat' dir='ltr'><strong>risum.</strong></span> <span class='ocrx_word' id='word_1_244' title='bbox 974 1801 1079 1856; x_wconf 90' lang='lat' dir='ltr'><strong>quid</strong></span> <span class='ocrx_word' id='word_1_245' title='bbox 1111 1802 1237 1842; x_wconf 83' lang='lat' dir='ltr'><strong>tum?</strong></span> <span class='ocrx_word' id='word_1_246' title='bbox 1269 1812 1445 1842; x_wconf 84' lang='lat' dir='ltr'><strong>conatus</strong></span> <span class='ocrx_word' id='word_1_247' title='bbox 1479 1806 1620 1857; x_wconf 79' lang='lat' dir='ltr'><strong>quales</strong></span> 
     </span>
     <span class='ocr_line' id='line_1_31' title="bbox 182 1855 1621 1913; baseline 0.004 -20"><span class='ocrx_word' id='word_1_248' title='bbox 182 1857 328 1908; x_wconf 83' lang='lat' dir='ltr'><strong>quales</strong></span> <span class='ocrx_word' id='word_1_249' title='bbox 350 1855 453 1895; x_wconf 87' lang='lat' dir='ltr'><strong>boni</strong></span> <span class='ocrx_word' id='word_1_250' title='bbox 483 1870 570 1895; x_wconf 87' lang='lat' dir='ltr'><strong>non</strong></span> <span class='ocrx_word' id='word_1_251' title='bbox 601 1856 910 1910; x_wconf 84' lang='lat' dir='ltr'><strong>improbabunt.</strong></span> <span class='ocrx_word' id='word_1_252' title='bbox 970 1859 1094 1898; x_wconf 87' lang='lat' dir='ltr'><strong>Certe</strong></span> <span class='ocrx_word' id='word_1_253' title='bbox 1122 1861 1338 1913; x_wconf 87' lang='lat' dir='ltr'><strong>vulgatum</strong></span> <span class='ocrx_word' id='word_1_254' title='bbox 1365 1856 1530 1901; x_wconf 70' lang='grc' dir='ltr'><strong><em>ὑπώπια</em></strong></span> <span class='ocrx_word' id='word_1_255' title='bbox 1551 1859 1621 1899; x_wconf 89' lang='lat' dir='ltr'><strong>hic</strong></span> 
     </span>
     <span class='ocr_line' id='line_1_32' title="bbox 180 1910 1619 1970; baseline 0.005 -22"><span class='ocrx_word' id='word_1_256' title='bbox 180 1923 270 1949; x_wconf 85' lang='lat' dir='ltr'><strong>non</strong></span> <span class='ocrx_word' id='word_1_257' title='bbox 290 1913 431 1950; x_wconf 87' lang='lat' dir='ltr'><strong>locum</strong></span> <span class='ocrx_word' id='word_1_258' title='bbox 454 1910 609 1953; x_wconf 83' lang='lat' dir='ltr'><strong>habere</strong></span> <span class='ocrx_word' id='word_1_259' title='bbox 630 1911 806 1964; x_wconf 86' lang='lat' dir='ltr'><strong>credam,</strong></span> <span class='ocrx_word' id='word_1_260' title='bbox 837 1913 911 1952; x_wconf 91' lang='lat' dir='ltr'><strong>ubi</strong></span> <span class='ocrx_word' id='word_1_261' title='bbox 933 1913 985 1954; x_wconf 90' lang='lat' dir='ltr'><strong>de</strong></span> <span class='ocrx_word' id='word_1_262' title='bbox 1005 1914 1159 1954; x_wconf 78' lang='lat' dir='ltr'><strong>morbis</strong></span> <span class='ocrx_word' id='word_1_263' title='bbox 1187 1924 1228 1954; x_wconf 91' lang='lat' dir='ltr'><strong>et</strong></span> <span class='ocrx_word' id='word_1_264' title='bbox 1247 1914 1430 1968; x_wconf 73' lang='lat' dir='ltr'><strong>pustulis</strong></span> <span class='ocrx_word' id='word_1_265' title='bbox 1452 1914 1619 1970; x_wconf 85' lang='lat' dir='ltr'><strong>quidem</strong></span> 
     </span>
     <span class='ocr_line' id='line_1_33' title="bbox 180 1966 1189 2022; baseline 0.006 -18"><span class='ocrx_word' id='word_1_266' title='bbox 180 1974 353 2021; x_wconf 81' lang='lat' dir='ltr'><strong>agatur:</strong></span> <span class='ocrx_word' id='word_1_267' title='bbox 384 1966 566 2007; x_wconf 84' lang='lat' dir='ltr'><strong>habebat</strong></span> <span class='ocrx_word' id='word_1_268' title='bbox 588 1983 688 2009; x_wconf 87' lang='lat' dir='ltr'><strong>vero</strong></span> <span class='ocrx_word' id='word_1_269' title='bbox 705 1983 828 2022; x_wconf 85' lang='lat' dir='ltr'><strong>supra</strong></span> <span class='ocrx_word' id='word_1_270' title='bbox 849 1970 909 2018; x_wconf 86' lang='lat' dir='ltr'><strong>II,</strong></span> <span class='ocrx_word' id='word_1_271' title='bbox 938 1970 1004 2013; x_wconf 83' lang='lat'><strong>52.</strong></span> <span class='ocrx_word' id='word_1_272' title='bbox 1061 1971 1189 2011; x_wconf 83' lang='lat' dir='ltr'><strong>IUNG.</strong></span> 
     </span>
    </p>

    <p class='ocr_par' dir='ltr' id='par_1_6' title="bbox 292 2022 1484 2081">
     <span class='ocr_line' id='line_1_34' title="bbox 292 2022 1484 2081; baseline 0.005 -17"><span class='ocrx_word' id='word_1_273' title='bbox 292 2035 400 2076; x_wconf 77' lang='grc' dir='ltr'><em>συγγ.</em></span> <span class='ocrx_word' id='word_1_274' title='bbox 422 2022 593 2077; x_wconf 76' lang='grc' dir='ltr'><strong><em>ἤέπιγ.]</em></strong></span> <span class='ocrx_word' id='word_1_275' title='bbox 641 2026 778 2065; x_wconf 87' lang='lat' dir='ltr'><strong>Deest</strong></span> <span class='ocrx_word' id='word_1_276' title='bbox 796 2026 840 2064; x_wconf 88' lang='lat' dir='ltr'><strong>in</strong></span> <span class='ocrx_word' id='word_1_277' title='bbox 860 2028 956 2067; x_wconf 91' lang='lat' dir='ltr'><strong>MS.</strong></span> <span class='ocrx_word' id='word_1_278' title='bbox 993 2042 1108 2081; x_wconf 75' lang='lat' dir='ltr'><strong>uvyy.</strong></span> <span class='ocrx_word' id='word_1_279' title='bbox 1139 2026 1168 2079; x_wconf 80' lang='grc' dir='ltr'><em>ἤ</em></span> <span class='ocrx_word' id='word_1_280' title='bbox 1195 2027 1296 2081; x_wconf 78' lang='grc' dir='ltr'><strong><em>ἕπιγ.</em></strong></span> <span class='ocrx_word' id='word_1_281' title='bbox 1355 2026 1484 2070; x_wconf 65' lang='lat' dir='ltr'><strong>que.</strong></span> 
     </span>
    </p>

    <p class='ocr_par' dir='ltr' id='par_1_7' title="bbox 287 2079 948 2132">
     <span class='ocr_line' id='line_1_35' title="bbox 287 2079 948 2132; baseline 0.006 -13"><span class='ocrx_word' id='word_1_282' title='bbox 287 2080 451 2132; x_wconf 78' lang='grc' dir='ltr'><strong><em>θῦμος]</em></strong></span> <span class='ocrx_word' id='word_1_283' title='bbox 507 2079 606 2124; x_wconf 80' lang='lat' dir='ltr'><strong>vid.</strong></span> <span class='ocrx_word' id='word_1_284' title='bbox 644 2080 789 2124; x_wconf 68' lang='lat' dir='ltr'><strong>Gorrlz.</strong></span> <span class='ocrx_word' id='word_1_285' title='bbox 849 2084 948 2124; x_wconf 70' lang='lat' dir='ltr'><strong>Snn.</strong></span> 
     </span>
    </p>

    <p class='ocr_par' dir='ltr' id='par_1_8' title="bbox 177 2130 1619 2302">
     <span class='ocr_line' id='line_1_36' title="bbox 287 2130 1619 2192; baseline 0.001 -15"><span class='ocrx_word' id='word_1_286' title='bbox 287 2135 422 2189; x_wconf 78' lang='grc' dir='ltr'><strong><em>θῦμος</em></strong></span> <span class='ocrx_word' id='word_1_287' title='bbox 439 2130 544 2188; x_wconf 75' lang='lat' dir='ltr'><strong>v‘m]</strong></span> <span class='ocrx_word' id='word_1_288' title='bbox 595 2135 826 2191; x_wconf 68' lang='grc' dir='ltr'><em>ὑπέρυθρος</em></span> <span class='ocrx_word' id='word_1_289' title='bbox 855 2138 1023 2192; x_wconf 75' lang='grc' dir='ltr'><strong><em>ἔκφυσις</em></strong></span> <span class='ocrx_word' id='word_1_290' title='bbox 1050 2141 1212 2192; x_wconf 75' lang='lat' dir='ltr'><strong>eruptio</strong></span> <span class='ocrx_word' id='word_1_291' title='bbox 1241 2137 1490 2184; x_wconf 73' lang='lat' dir='ltr'><strong>rubicunda,</strong></span> <span class='ocrx_word' id='word_1_292' title='bbox 1520 2156 1554 2180; x_wconf 75' lang='grc' dir='ltr'><strong>τ.</strong></span> <span class='ocrx_word' id='word_1_293' title='bbox 1588 2138 1619 2181; x_wconf 80' lang='grc' dir='ltr'><strong>ἕ.</strong></span> 
     </span>
     <span class='ocr_line' id='line_1_37' title="bbox 177 2191 1617 2251; baseline 0.001 -19"><span class='ocrx_word' id='word_1_294' title='bbox 177 2191 478 2244; x_wconf 79' lang='grc' dir='ltr'><strong><em>δυσαφαίρετος,</em></strong></span> <span class='ocrx_word' id='word_1_295' title='bbox 510 2192 624 2248; x_wconf 90' lang='lat' dir='ltr'><strong>quod</strong></span> <span class='ocrx_word' id='word_1_296' title='bbox 651 2193 844 2233; x_wconf 87' lang='lat' dir='ltr'><strong>ultimum</strong></span> <span class='ocrx_word' id='word_1_297' title='bbox 876 2206 939 2235; x_wconf 88' lang='lat' dir='ltr'><strong>est</strong></span> <span class='ocrx_word' id='word_1_298' title='bbox 969 2196 1014 2234; x_wconf 87' lang='lat' dir='ltr'><strong>in</strong></span> <span class='ocrx_word' id='word_1_299' title='bbox 1042 2197 1231 2251; x_wconf 85' lang='lat' dir='ltr'><strong>margine</strong></span> <span class='ocrx_word' id='word_1_300' title='bbox 1272 2196 1319 2236; x_wconf 89' lang='lat' dir='ltr'><strong>C.</strong></span> <span class='ocrx_word' id='word_1_301' title='bbox 1348 2195 1402 2234; x_wconf 85' lang='grc' dir='ltr'><strong>Α.</strong></span> <span class='ocrx_word' id='word_1_302' title='bbox 1436 2194 1530 2234; x_wconf 71' lang='lat' dir='ltr'><strong>nine</strong></span> <span class='ocrx_word' id='word_1_303' title='bbox 1552 2195 1617 2238; x_wconf 56' lang='grc' dir='ltr'><strong>οὓς</strong></span> 
     </span>
     <span class='ocr_line' id='line_1_38' title="bbox 178 2245 936 2302; baseline 0.008 -15"><span class='ocrx_word' id='word_1_304' title='bbox 178 2245 225 2287; x_wconf 84' lang='lat' dir='ltr'><strong>id</strong></span> <span class='ocrx_word' id='word_1_305' title='bbox 247 2246 364 2302; x_wconf 83' lang='lat' dir='ltr'><strong>quod</strong></span> <span class='ocrx_word' id='word_1_306' title='bbox 394 2246 530 2288; x_wconf 85' lang='lat' dir='ltr'><strong>firmat</strong></span> <span class='ocrx_word' id='word_1_307' title='bbox 559 2248 609 2290; x_wconf 93' lang='lat' dir='ltr'><strong>C.</strong></span> <span class='ocrx_word' id='word_1_308' title='bbox 639 2249 691 2290; x_wconf 87' lang='lat' dir='ltr'><strong>V.</strong></span> <span class='ocrx_word' id='word_1_309' title='bbox 749 2249 936 2293; x_wconf 69' lang='lat' dir='ltr'><strong>Horum..</strong></span> 
     </span>
    </p>

    <p class='ocr_par' dir='ltr' id='par_1_9' title="bbox 288 2302 1180 2360">
     <span class='ocr_line' id='line_1_39' title="bbox 288 2302 1180 2360; baseline 0.002 -14"><span class='ocrx_word' id='word_1_310' title='bbox 288 2304 420 2360; x_wconf 78' lang='grc' dir='ltr'><em>θῦμος</em></span> <span class='ocrx_word' id='word_1_311' title='bbox 438 2303 535 2354; x_wconf 64' lang='grc' dir='ltr'><strong>ὧι]</strong></span> <span class='ocrx_word' id='word_1_312' title='bbox 582 2306 674 2346; x_wconf 88' lang='lat' dir='ltr'><strong>MS.</strong></span> <span class='ocrx_word' id='word_1_313' title='bbox 704 2302 838 2359; x_wconf 81' lang='grc' dir='ltr'><em>θύμος</em></span> <span class='ocrx_word' id='word_1_314' title='bbox 860 2307 997 2350; x_wconf 88' lang='lat' dir='ltr'><strong>habet.</strong></span> <span class='ocrx_word' id='word_1_315' title='bbox 1054 2308 1180 2349; x_wconf 69' lang='lat' dir='ltr'><strong>Iuno.</strong></span> 
     </span>
    </p>

    <p class='ocr_par' dir='ltr' id='par_1_10' title="bbox 177 2360 1618 2470">
     <span class='ocr_line' id='line_1_40' title="bbox 287 2360 1618 2418; baseline -0.003 -14"><span class='ocrx_word' id='word_1_316' title='bbox 287 2365 422 2416; x_wconf 80' lang='grc' dir='ltr'><strong><em>θῦμος</em></strong></span> <span class='ocrx_word' id='word_1_317' title='bbox 438 2360 528 2415; x_wconf 55' lang='grc' dir='ltr'><strong>ὕει]</strong></span> <span class='ocrx_word' id='word_1_318' title='bbox 559 2361 859 2403; x_wconf 84' lang='lat' dir='ltr'><strong>commaticam</strong></span> <span class='ocrx_word' id='word_1_319' title='bbox 880 2362 1198 2405; x_wconf 84' lang='lat' dir='ltr'><strong>distinctionem</strong></span> <span class='ocrx_word' id='word_1_320' title='bbox 1218 2370 1316 2417; x_wconf 71' lang='lat' dir='ltr'><strong>post</strong></span> <span class='ocrx_word' id='word_1_321' title='bbox 1336 2361 1467 2418; x_wconf 77' lang='grc' dir='ltr'><em>θῦμος</em></span> <span class='ocrx_word' id='word_1_322' title='bbox 1482 2365 1618 2404; x_wconf 80' lang='grc' dir='ltr'><strong><em>ΚαεῘι.</em></strong></span> 
     </span>
     <span class='ocr_line' id='line_1_41' title="bbox 177 2416 468 2470; baseline 0.01 -16"><span class='ocrx_word' id='word_1_323' title='bbox 177 2416 279 2456; x_wconf 67' lang='lat' dir='ltr'><strong>nius</strong></span> <span class='ocrx_word' id='word_1_324' title='bbox 306 2417 468 2470; x_wconf 80' lang='lat' dir='ltr'><strong>posuit.</strong></span> 
     </span>
    </p>

    <p class='ocr_par' dir='ltr' id='par_1_11' title="bbox 175 2471 1615 2644">
     <span class='ocr_line' id='line_1_42' title="bbox 291 2471 1318 2529; baseline 0.001 -15"><span class='ocrx_word' id='word_1_325' title='bbox 291 2473 348 2516; x_wconf 76' lang='grc' dir='ltr'><strong>ἕν.</strong></span> <span class='ocrx_word' id='word_1_326' title='bbox 371 2471 422 2516; x_wconf 83' lang='grc' dir='ltr'><strong>ου’</strong></span> <span class='ocrx_word' id='word_1_327' title='bbox 438 2474 554 2529; x_wconf 84' lang='grc' dir='ltr'><strong><em>δυσ.]</em></strong></span> <span class='ocrx_word' id='word_1_328' title='bbox 604 2473 652 2516; x_wconf 87' lang='lat' dir='ltr'><strong>C.</strong></span> <span class='ocrx_word' id='word_1_329' title='bbox 671 2474 722 2515; x_wconf 91' lang='lat' dir='ltr'><strong>V.</strong></span> <span class='ocrx_word' id='word_1_330' title='bbox 751 2488 838 2514; x_wconf 85' lang='lat' dir='ltr'><strong>non</strong></span> <span class='ocrx_word' id='word_1_331' title='bbox 867 2474 995 2516; x_wconf 90' lang='lat' dir='ltr'><strong>habet</strong></span> <span class='ocrx_word' id='word_1_332' title='bbox 1022 2474 1083 2520; x_wconf 79' lang='grc' dir='ltr'><strong>οὐ.</strong></span> <span class='ocrx_word' id='word_1_333' title='bbox 1139 2476 1318 2515; x_wconf 70' lang='grc' dir='ltr'><strong><em>Κυιηηι.</em></strong></span> 
     </span>
     <span class='ocr_line' id='line_1_43' title="bbox 202 2528 1615 2586; baseline -0.002 -11"><span class='ocrx_word' id='word_1_334' title='bbox 202 2570 207 2575; x_wconf 74' lang='grc'>,</span> <span class='ocrx_word' id='word_1_335' title='bbox 286 2530 342 2573; x_wconf 76' lang='grc' dir='ltr'><strong>ἔν.</strong></span> <span class='ocrx_word' id='word_1_336' title='bbox 358 2528 408 2572; x_wconf 84' lang='grc' dir='ltr'><strong>ου’</strong></span> <span class='ocrx_word' id='word_1_337' title='bbox 427 2532 739 2586; x_wconf 75' lang='grc' dir='ltr'><strong><em>δυσαφαίρετος]</em></strong></span> <span class='ocrx_word' id='word_1_338' title='bbox 788 2532 881 2574; x_wconf 91' lang='lat' dir='ltr'><strong>MS.</strong></span> <span class='ocrx_word' id='word_1_339' title='bbox 921 2531 1100 2586; x_wconf 77' lang='grc' dir='ltr'><strong><em>ἔναιμος,</em></strong></span> <span class='ocrx_word' id='word_1_340' title='bbox 1126 2534 1426 2586; x_wconf 73' lang='grc' dir='ltr'><strong><em>δυσαφαίρετος,</em></strong></span> <span class='ocrx_word' id='word_1_341' title='bbox 1459 2531 1615 2572; x_wconf 76' lang='lat' dir='ltr'><strong>omisso</strong></span> 
     </span>
     <span class='ocr_line' id='line_1_44' title="bbox 175 2578 1615 2644; baseline 0.003 -21"><span class='ocrx_word' id='word_1_342' title='bbox 175 2578 240 2631; x_wconf 66' lang='grc' dir='ltr'><strong>αὖ.</strong></span> <span class='ocrx_word' id='word_1_343' title='bbox 281 2586 339 2625; x_wconf 90' lang='lat' dir='ltr'><strong>At</strong></span> <span class='ocrx_word' id='word_1_344' title='bbox 367 2586 483 2628; x_wconf 82' lang='lat' dir='ltr'><strong>Corn.</strong></span> <span class='ocrx_word' id='word_1_345' title='bbox 509 2588 645 2629; x_wconf 73' lang='lat' dir='ltr'><strong>Celsus</strong></span> <span class='ocrx_word' id='word_1_346' title='bbox 670 2588 765 2630; x_wconf 87' lang='lat' dir='ltr'><strong>libr.</strong></span> <span class='ocrx_word' id='word_1_347' title='bbox 787 2588 837 2631; x_wconf 85' lang='lat' dir='ltr'><strong>V.</strong></span> <span class='ocrx_word' id='word_1_348' title='bbox 867 2603 957 2644; x_wconf 87' lang='lat' dir='ltr'><strong>cap.</strong></span> <span class='ocrx_word' id='word_1_349' title='bbox 979 2589 1045 2633; x_wconf 80' lang='lat'><strong>28.</strong></span> <span class='ocrx_word' id='word_1_350' title='bbox 1074 2589 1230 2643; x_wconf 82' lang='lat' dir='ltr'><strong>pariter</strong></span> <span class='ocrx_word' id='word_1_351' title='bbox 1248 2587 1615 2638; x_wconf 84' lang='lat' dir='ltr'><strong>acrochordonern,</strong></span> 
     </span>
    </p>
   </div>
  </div>
 </body>
</html>
