1670 2938
161 109 244 151 894
802 108 854 151 V.
912 115 952 154 2.

272 218 322 261 τοέ
339 219 601 289 οἷποσπωντα]
634 223 748 273 Quae
766 223 934 289 l9ngius
956 224 1162 278 recedant,
1184 240 1285 279 equo
1308 229 1484 280 assequi,
1502 225 1599 269 οἷπο-

134 328 137 331 »
161 276 264 331 σπᾷν
285 291 343 318 sc,
374 273 518 319 ἑαυτον
541 277 697 318 dicitur
719 279 793 332 qui
823 294 867 320 se
887 280 1100 321 subtrahit
1124 284 1376 337 longiusque
1399 283 1601 336 abscedit,

161 344 210 372 ut
232 343 406 386 propter
430 334 697 375 intervallum
715 336 802 375 loci
823 350 935 391 equo
959 352 1066 392 opus
1086 340 1157 389 sit,
1191 341 1227 379 si
1249 354 1342 379 eum
1367 340 1471 380 velis
1492 354 1599 381 asse-

159 390 246 445 qui.
303 390 482 428 Kumm.

266 447 460 499 υηονοίᾳ]
491 447 574 486 Pro
593 442 765 504 ὗπονοῖᾳ
788 447 1187 503 Falokenburgias’
1165 452 1334 508 επινοίᾳ,
1363 453 1513 493 melius
1533 469 1599 495 me

160 501 331 558 quidem
352 503 511 544 iudice.
541 492 815 558 Hes-yolu'u's’
795 509 977 558 επίνοια,
1005 506 1261 564 ἐπιτήδευμα.

269 626 362 680 περὶ
384 622 516 678 θήρας
538 643 624 669 κυν.
636 627 650 680 ]
691 629 820 670 Nulla
851 581 948 671 t2alis
980 631 1105 672 series
1131 633 1312 687 capitum
1335 632 1462 674 huius
1497 634 1597 675 libri

159 684 205 723 in
224 682 319 725 MS.
351 682 422 722 sed
445 683 578 723 brevis
610 694 772 726 tantum
795 689 1136 742 comprehensio,
1167 690 1230 728 uti
1251 690 1355 737 dixi,
1391 705 1513 745 quam
1534 702 1598 731 to-

157 751 242 779 tam
272 739 485 779 adscribo·
534 738 635 783 Tude
664 740 773 786 ἔστιν
805 746 847 787 ἐν
878 763 930 799 τῳ
958 746 1125 800 πέμπτῳ
1153 749 1296 802 βιβλίῳ
1311 747 1598 814 Πολυδεύκους

145 851 147 854 ι
156 795 480 866 Ὀνομαστικων·
509 796 644 852 θήρας
665 793 855 852 ὀνόματα,
884 820 932 844 τα
955 803 1022 845 ἐπὶ
1042 805 1256 857 κυνηγέτου
1277 805 1345 846 καὶ
1363 822 1442 846 των
1458 811 1599 879 &nsaw-

142 856 315 910 μένων,
345 851 458 895 τόποι
478 857 638 910 θηρίων
661 856 826 900 ἑκάστου
847 855 965 907 ζώου
967 862 1005 901 τί
1023 863 1202 902 καλεῖται
1227 879 1275 914 τα
1296 859 1462 915 ἔγγονα,
1487 865 1530 904 τί
1547 878 1597 902 τα

157 911 358 978 δερματα,
390 926 562 965 συνεργα
583 914 823 966 κυνηγέτου,
855 913 973 966 σκεύη
992 918 1220 990 κυνηγέτου,
1245 917 1379 959 ὁποῖον
1397 920 1463 960 δεῖ
1489 918 1598 960 εἶναι

144 965 222 1021 Γτόν
240 966 480 1033 κυνηγέτην,
511 970 692 1035 ἐργαλεῖα
719 972 960 1023 κυνηγέτου,
992 975 1085 1024 περὶ
1111 973 1266 1022 κυνῶν,
1293 971 1408 1023 κύνες
1432 962 1594 1025 ἔνδοξοι,

144 1028 243 1079 ,παῖς
262 1022 537 1076 οἷναθρεπτέον
557 1022 695 1075 κύνας,
719 1043 929 1083 νοσηματοι
955 1030 1103 1080 κυνῶν,
1135 1028 1280 1084 κόσμος
1300 1031 1445 1081 κυνῶν,
1474 1030 1597 1073 ἔπαι-

155 1097 221 1129 νος
245 1097 397 1127 κυνων,
429 1078 508 1121 «ino
525 1078 719 1134 σώματος,
749 1083 834 1127 α’πο
856 1089 1003 1152 ψυχης,
1034 1083 1160 1142 ψόγος
1179 1085 1334 1137 κυνοῖν,
1366 1083 1450 1129 οἶπο
1466 1086 1597 1130 κυνῶν

155 1135 353 1191 ὀνόματα,
396 1139 487 1189 περι
517 1135 646 1205 λάγω,
683 1143 772 1193 περῖ
813 1139 995 1195 ἐλάᾳων,
1027 1147 1121 1196 περι
1150 1146 1325 1197 λέοντος,
1364 1146 1455 1200 περι
1486 1143 1596 1188 ὄνων

155 1192 331 1249 οἷγρίων,
363 1193 452 1233 τίνα
474 1195 536 1234 δεῖ
562 1191 627 1235 τόν
655 1197 872 1249 κυνηγέτην
902 1200 989 1247 ταῖς
1016 1201 1106 1242 κυσὶ
1135 1203 1287 1252 ποιεῖν,
1317 1202 1448 1253 φωναὶ
1471 1198 1593 1251 ζώων,

156 1251 236 1293 ὅσα
258 1251 322 1292 ἐπὶ
340 1247 572 1299 ᾰποποὲτου,
602 1253 670 1293 καῖ
689 1254 850 1294 ἕκαστον
870 1256 909 1296 τί
928 1252 1144 1306 cinnama,
1182 1261 1275 1326 71³9?
1291 1260 1462 1310 μίξεων,
1487 1256 1595 1307 ζαὶων

154 1307 368 1360 ἐνέργειαι,
399 1308 490 1357 περι
518 1303 669 1357 κόσμου
706 1310 929 1361 γυναικῶν,
969 1315 1062 1366 περι
1092 1312 1335 1378 συνωνύμων
1370 1312 1594 1366 ὀνομάτων.

153 1364 271 1404 Haec
290 1364 384 1402 MS.
441 1362 569 1401 Nunc
586 1366 756 1418 vulgata
775 1364 991 1419 paululum
1015 1369 1306 1421 percurrimus.
1365 1370 1495 1408 Primi
1520 1385 1596 1409 ca-

152 1419 257 1474 pitis
290 1419 461 1458 titulum
498 1433 583 1457 non
613 1419 823 1474 integrum
857 1422 967 1462 vidit
995 1427 1078 1473 vel,
1112 1425 1186 1478 qui
1215 1439 1309 1464 raro
1334 1425 1440 1478 quid
1461 1424 1592 1473 videt,

152 1478 370 1528 interpres.
399 1474 624 1529 legendum
646 1475 801 1531 absque
823 1477 989 1518 dubio'
978 1480 1160 1519 immissa
1182 1480 1405 1533 particula,
1437 1485 1529 1535 περὶ
1548 1488 1592 1524 θ.

152 1536 222 1576 καῖ
240 1549 373 1586 κυνηγ.
433 1530 591 1571 Eadem
625 1542 763 1572 autem
793 1536 1030 1586 particula
1020 1551 1063 1575 m
1087 1537 1214 1577 tertio
1237 1538 1372 1591 capite
1392 1536 1592 1579 abundat.

151 1589 220 1629 Ibi
241 1589 351 1629 enim
375 1587 564 1639 delenda,
593 1598 635 1629 et
654 1590 903 1644 legendum,
931 1593 1021 1647 περὶ
1043 1610 1245 1648 συνεργων
1270 1594 1498 1647 κυνηγέτου,
1526 1595 1595 1637 καὶ

152 1648 455 1699 ox.Inte1pres
486 1643 529 1682 id
556 1659 641 1684 non
676 1646 800 1686 vidit.
838 1658 957 1701 patet
993 1662 1044 1687 ex
1075 1650 1127 1688 iis
1153 1665 1258 1705 quae
1285 1650 1427 1689 infra
1414 1665 1460 1689 m
1481 1653 1594 1691 lem—-

151 1709 268 1742 mate
285 1716 409 1755 segm.
445 1715 509 1753 17.
540 1711 583 1740 et
613 1715 665 1740 ex
696 1702 790 1755 ipso
815 1704 977 1758 capite·
1015 1715 1058 1745 et
1082 1720 1134 1745 ex
1155 1706 1288 1759 ipsius
1307 1706 1446 1747 MSS.
1464 1707 1592 1746 modo

144 1758 364 1812 'adscripta
393 1755 759 1812 συγκεφαλαιώσει,
800 1760 876 1798 ubi
908 1760 1074 1816 σύνεργα
1105 1763 1282 1817 legitur
1288 1773 1329 1802 et
1359 1763 1592 1802 emendan-

153 1814 251 1854 dum
284 1814 409 1854 etiam
445 1813 570 1853 credo
602 1813 796 1879 σύνεργοι
856 1817 979 1857 Patet
1017 1817 1122 1856 mihi
1162 1819 1250 1858 fere
1278 1817 1425 1857 huius
1437 1819 1590 1859 erroris

153 1871 289 1925 origo.
318 1871 445 1910 facile
484 1871 597 1908 enim
629 1870 664 1909 is
700 1885 721 1909 a
755 1875 862 1912 male
900 1874 1058 1913 feriatis
1098 1874 1416 1927 typothetarum
1448 1875 1598 1928 pueris

152 1926 362 1966 committi
383 1929 514 1975 solet,
545 1941 638 1964 cum
666 1928 914 1979 particulam
939 1930 1075 1982 primo
1106 1932 1211 1970 male
1240 1931 1458 1976 omissam,
1491 1930 1591 1970 dein

149 1995 342 2035 perverse
370 1985 643 2023 collocatam:
669 1983 734 2022 uti
758 1984 911 2025 vitium
935 1986 1133 2026 nimirum
1162 1986 1269 2028 vitio
1293 1989 1587 2028 cumularetur.

148 2037 379 2090 Iunonum.

259 2149 396 2205 ὤνων]
428 2150 604 2207 Corrige
632 2165 849 2206 operarum
881 2154 1046 2207 vitium,
1075 2163 1119 2196 et
1150 2153 1286 2195 scribe
1311 2153 1431 2198 ὄνων.
1458 2154 1586 2196 Iuno.

260 2262 448 2317 περὶτῶν
472 2261 543 2312 τοῖς
561 2272 641 2304 etc.
652 2265 671 2320 ]
713 2265 901 2307 Omnino
920 2267 1055 2320 capita
1078 2266 1162 2307 duo
1188 2270 1294 2325 male
1317 2266 1452 2306 divisa
1478 2265 1586 2305 mihi

150 2329 341 2361 constat.
375 2320 490 2376 quod
513 2331 649 2360 tamen
670 2330 712 2361 et
736 2321 937 2375 interpres
956 2333 1156 2386 sequutus
1180 2333 1253 2364 est.
1284 2323 1398 2387 quod
1417 2322 1586 2377 quidem

146 2391 236 2416 nou
267 2377 408 2417 miror.
439 2379 556 2417 solet
575 2376 685 2415 enim
712 2377 785 2417 ita.
815 2378 919 2418 mihi
948 2378 1112 2418 consta't
1147 2381 1219 2419 illa
1238 2379 1377 2419 omnia
1407 2392 1495 2417 uno
1515 2393 1587 2417 ca-

144 2433 240 2486 pite
259 2433 318 2472 ita
346 2431 665 2500 perscribenda.
695 2436 787 2500 περὶ
814 2435 891 2476 τῶν
917 2454 988 2484 τας
1006 2434 1107 2489 οἷρας
1124 2435 1300 2479 λυόντων
1318 2437 1388 2477 καῖ
1405 2451 1602 2488 mmmm--⁴

145 2506 227 2531 των
254 2489 455 2542 δαιμόνων
479 2487 669 2543 ο’νο’.ματα
699 2487 770 2537 κς’
802 2491 915 2530 unde
943 2501 985 2532 et
1009 2502 1165 2532 ceteros
1190 2505 1381 2531 numeros
1399 2505 1584 2546 sequen-

147 2546 212 2583 tes'
239 2547 465 2601 corrigere'
481 2557 601 2601 potes
625 2555 718 2586 toto
748 2546 911 2587 ordine.
943 2551 1084 2603 pateat
1109 2547 1190 2590 hoc
1209 2557 1250 2589 et
1270 2548 1382 2587 infra
1403 2562 1456 2589 ex
1477 2547 1581 2602 Cap.

146 2600 308 2643 XXVI.
337 2616 464 2659 segm.
505 2602 595 2648 151.
626 2605 749 2644 clare.
806 2603 931 2648 Iuno.
