1670 2938
130 83 213 127 8²54
731 81 806 122 IV.
867 85 959 126 177.

136 194 211 232 bus
238 191 405 232 saliunt
426 194 515 245 pto'
535 201 660 242 rata,
691 191 742 234 'id
773 191 884 247 quod
918 193 1010 233 sine
1039 191 1252 232 divisione
1284 192 1372 232 fieri
1404 193 1568 246 nequit.

137 250 271 288 Gloss.
306 248 472 302 δασμός,
502 250 711 295 simultas,
744 249 970 302 respicitur
989 248 1038 289 ad
1062 249 1269 287 factiones
1290 259 1330 288 et
1360 247 1572 291 α’ντιπολι-

135 307 244 355 τείας
275 305 448 356 civium,
483 320 574 343 cum
602 304 742 345 studia
779 305 823 343 in
847 305 1054 343 contraria
1076 303 1347 350 scinduntur,
1380 317 1420 346 et
1443 321 1574 358 agro-

137 376 229 400 rum
259 360 463 399 divisione
493 364 609 400 velut
641 374 733 400 esca
765 360 983 414 plebecula
1010 361 1054 399 in
1091 371 1229 412 partes
1256 361 1458 407 trahitur,
1500 371 1574 401 aut

139 417 232 456 aliis
262 415 533 456 irritamentis
564 419 766 455 malorum
796 417 1058 465 solicitatur,
1101 416 1159 454 ita
1186 415 1337 470 δασμός
1361 427 1402 456 et
1434 418 1474 455 in
1499 432 1573 472 ge-

138 487 236 513 nere
278 473 491 512 notaverit
531 472 785 512 divisionem
814 473 858 510 in
884 472 1090 511 contraria
1114 472 1266 512 studia.
1321 473 1500 516 KUEHN.

248 529 449 583 δατῆι-ας]
480 527 831 582 Falckenburgius
849 527 972 567 habet
993 525 1195 581 διατῆρας.

250 658 353 706 Κεφ.
390 651 447 695 κε’.
457 653 472 706 ]
503 652 704 706 Sequitur
724 662 850 704 caput
870 651 1005 691 XXV.
1038 660 1282 702 corruptum
1302 665 1501 706 perquam
1528 653 1574 691 in

142 709 352 763 vulgatis,
384 709 429 747 in
460 723 543 764 quo
574 709 733 746 utinam
756 708 851 747 MS.
882 717 1026 746 noster
1049 721 1133 745 non
1157 707 1215 746 ita
1241 706 1481 749 decurtatus
1505 723 1577 748 es-

140 773 227 809 set,
259 764 436 818 plurima
466 779 519 804 ex
558 764 633 803 illo
662 764 754 803 sine
784 763 915 802 dubio
937 762 1160 803 restituere
1191 763 1346 803 liceret.
1403 765 1575 803 Titulus

142 819 265 858 istius
284 830 336 859 ut
356 830 399 859 et
424 835 515 874 cap.
535 820 689 872 ultimi,
722 833 827 874 quae
849 818 967 858 ambo
994 833 1078 858 uno
1099 820 1383 870 continentur,
1408 820 1458 857 in
1477 821 1575 860 MS.

142 884 206 914 est
229 876 329 917 iste:
360 881 468 932 Περὶ
487 877 670 930 ἰαιρικῆς
690 906 700 925 ,
733 877 800 918 καὶ
820 873 1076 940 νοσημάτων
1108 876 1177 916 και
1195 877 1286 929 περι
1300 878 1434 927 μαίας·
1467 877 1578 916 Vul-

142 940 241 986 gato
264 933 424 971 titulo'
414 947 456 971 ω
488 947 565 971 suo
599 931 743 972 codice
779 931 837 971 H.
875 932 1015 983 steph.
1049 931 1227 970 inseruit
1254 932 1343 977 τῶν,
1374 931 1457 973 ita:
1485 934 1578 986 περὶ

142 988 220 1029 τῶν
238 989 268 1028 ι’
300 987 359 1030 ὀν.
421 989 614 1028 Ceterum
635 998 859 1041 antequam
880 1001 1073 1042 pergam,
1105 1001 1196 1025 rara
1220 986 1418 1040 quaedam
1440 998 1578 1028 tecum

142 1044 449 1084 communicare
478 1044 593 1083 libet.
651 1046 840 1084 Revocat
868 1043 977 1082 enim
1003 1041 1110 1082 illud
1144 1042 1428 1096 praecedentis
1449 1058 1577 1098 segm.

141 1096 361 1147 δάσασθαι
390 1098 554 1154 δασμός,
586 1099 724 1138 mihi·
713 1115 757 1137 ιιι
778 1108 958 1138 mentem
984 1099 1146 1146 Φωκέας
1166 1097 1437 1152 α’ποδασμίους
1459 1101 1581 1138 Clio-

143 1169 193 1193 ne
219 1170 307 1209 cap.
342 1156 431 1198 146.
459 1156 662 1195 Herodoti
687 1154 845 1205 nostri,
885 1154 1088 1193 hactenus
1116 1169 1138 1193 a
1165 1155 1332 1195 nemine
1353 1155 1410 1207 ita
1438 1157 1580 1208 expli-

144 1220 259 1250 catos
274 1239 286 1258 ,
316 1221 364 1250 ut
377 1226 454 1251 nos
475 1211 731 1251 intellexisse
755 1209 891 1250 dicere
908 1210 1131 1263 possimus.
1188 1212 1259 1250 De
1278 1211 1349 1250 illa
1372 1204 1516 1265 itaque
1535 1225 1579 1252 re

143 1267 296 1308 nostris
329 1267 584 1308 centonibus
617 1270 898 1306 Heinsianam
925 1280 1149 1320 purpuram
1173 1266 1290 1306 lubet
1311 1267 1580 1310 intertexere.

141 1321 208 1362 Ita
241 1323 354 1362 enim
383 1337 497 1363 suam
526 1322 777 1363 sententiam
811 1321 862 1361 ad
887 1336 950 1360 me
971 1322 1225 1375 perscribere
1245 1323 1384 1361 voluit
1403 1323 1582 1372 miracu.

77 1405 80 1407 -
139 1380 226 1417 lum
257 1378 384 1418 huius
418 1380 527 1429 aevi,
555 1380 757 1418 Heinsius
784 1392 923 1418 meus:
957 1377 1193 1416 Herodotus
1213 1380 1259 1416 in
1277 1379 1420 1417 Ioniae
1443 1379 1583 1419 Cata—

141 1434 235 1487 l⁰g0
256 1435 423 1483 Φωκέας
445 1443 641 1487 recenset,
670 1434 742 1473 sed
755 1449 821 1472 eos
842 1448 942 1487 quos
960 1431 1234 1486 ἄποδασμὶους
1259 1443 1394 1473 vocat.
1446 1435 1581 1486 Quam

140 1504 278 1529 vocem
313 1492 439 1531 Valla
475 1506 556 1530 non
592 1494 882 1542 interpretatus
916 1498 995 1539 est,
1026 1491 1133 1529 sicut
1161 1492 1206 1528 in
1234 1491 1348 1528 calce
1382 1490 1581 1530 editionis

140 1560 240 1585 suae
263 1549 476 1587 Ilenricus
499 1547 731 1600 Stephanus
759 1554 912 1595 monet,
947 1548 1020 1598 qui
1046 1554 1086 1583 et
1103 1549 1189 1596 ipse
1211 1554 1351 1584 tamen
1371 1545 1482 1584 nihil
1507 1547 1582 1586 de-

140 1603 280 1651 cidit,-
309 1603 382 1643 sed
405 1619 542 1642 vocem
577 1605 785 1641 intactam
818 1604 1032 1654 relinquit.
1091 1604 1245 1640 Portus
1274 1603 1321 1640 in
1350 1603 1581 1643 Herodoeeo

140 1673 215 1698 suo
244 1660 401 1698 Lexico
423 1669 648 1713 postquam
677 1673 728 1697 ea
756 1658 806 1696 de
835 1673 929 1696 voce
958 1657 1225 1710 aliquamdiu
1266 1659 1366 1711 egit,
1406 1659 1582 1699 candide

129 1712 320 1778 fatetur,
352 1718 547 1769 ignorare
572 1729 612 1753 se
630 1729 708 1768 quo
729 1723 853 1765 pacto
875 1714 1153 1753 Pliocensibus
1174 1715 1405 1754 conveniat.
1467 1715 1583 1754 Nam

141 1766 395 1826 αἠοδάσμιον
415 1787 498 1811 esse
515 1780 646 1824 putat
666 1772 732 1808 vel
748 1769 815 1812 τόν
838 1768 991 1822 δασμόν
1011 1765 1263 1823 ἀποφέροντά
1284 1787 1375 1818 τινι,
1406 1770 1480 1824 qui
1509 1770 1584 1810 tri·

142 1825 288 1866 butum
315 1827 443 1867 alicui
460 1827 686 1895 persolvit,
718 1829 785 1866 vel
802 1844 869 1868 τον
889 1823 1234 1880 αποδεδασμένον,
1266 1826 1340 1880 qui
1362 1825 1412 1864 ab
1435 1825 1580 1880 aliquo

141 1891 204 1921 est
224 1893 460 1937 separatus,
489 1878 558 1926 τᾶν
575 1879 656 1924 οἷπό
679 1899 787 1929 τινος
805 1883 1104 1937 κεχωρισμένον
1156 1881 1241 1920 Sed
1260 1881 1501 1934 quomodo'
1473 1899 1583 1925 απο-

140 1935 305 1990 δοῖσμιοι
339 1955 449 1978 nunc
476 1939 706 1978 Phocenses
735 1939 961 1987 dicantur,
1001 1939 1078 1976 hoc
1105 1953 1228 1990 opus,
1257 1939 1328 1976 hic
1354 1938 1472 1977 labor
1505 1947 1578 1978 est.

141 1994 252 2046 quod
270 1998 431 2034 omnino
450 2004 577 2049 negat
595 1998 780 2033 invenire
807 2010 848 2034 se
863 2009 1006 2047 posse.
1029 1995 1085 2033 ld
1101 1997 1188 2032 iam
1207 1995 1431 2036 videamus.
1463 2008 1582 2046 saepe

140 2064 233 2103 ergo
266 2052 446 2089 colonias
479 2052 682 2089 duxerunt
710 2051 954 2090 Phocenses.
986 2059 1074 2089 tum
1102 2053 1229 2088 etiam
1261 2064 1357 2088 cum
1385 2050 1438 2087 ab
1460 2051 1583 2088 Har-

135 2120 255 2173 pago
288 2108 549 2158 pellerentur.
609 2108 830 2154 Historia,
873 2121 978 2162 quae
1015 2115 1155 2158 postea
1185 2106 1238 2144 ab
1260 2105 1491 2155 Herodoto,
1534 2114 1582 2145 ut

141 2164 305 2214 omnia,
334 2164 581 2201 suavissime
612 2171 838 2212 narratur,
869 2166 935 2201 ita
965 2163 1112 2202 habet.-
1140 2161 1299 2201 Primos
1321 2160 1468 2212 fuisse
1495 2176 1581 2200 om-

140 2220 258 2257 nium
287 2222 358 2271 qui
383 2232 494 2257 mare
517 2221 775 2270 perscrutati
806 2229 904 2256 sunt
932 2219 1163 2258 Phocenses.
1198 2217 1244 2255 Izi
1269 2231 1362 2254 cum
1372 2220 1437 2256 'ex
1462 2218 1582 2256 Ionia

146 2270 383 2313 Tartessum
413 2276 627 2323 venissent,
660 2289 687 2312 a
710 2288 802 2325 rege
831 2274 891 2312 ihi
921 2270 1235 2327 ArganthoniO,
1267 2274 1340 2324 qui
1367 2273 1583 2312 Medorum

141 2331 246 2369 vires
273 2330 492 2382 metuebat,
520 2331 819 2369 humanissime
851 2332 1008 2381 excepti
1033 2338 1144 2379 sunt,
1175 2337 1213 2366 et
1243 2340 1338 2366 cum
1360 2337 1407 2366 ut
1425 2329 1483 2367 ibi
1503 2344 1583 2367 ur-

143 2386 232 2424 bem
249 2386 487 2438 conderent,
517 2387 806 2434 invitarentur,
835 2390 960 2437 neque
976 2384 1220 2437 persuaderi
1235 2393 1416 2435 possent,
1449 2387 1494 2423 in
1516 2386 1582 2423 Jo-

141 2443 256 2479 niam
273 2444 445 2493 reversi,
471 2443 561 2480 eius
590 2442 873 2489 munificentia
894 2443 955 2480 ihi
972 2440 1228 2492 idfecerunt.
1287 2439 1420 2489 Quam
1435 2449 1583 2493 postea

143 2498 367 2548 occupavit
399 2499 614 2542 Il‘Iedorum
644 2499 746 2536 Dux
778 2498 1037 2548 Ilorpagus,
1079 2510 1172 2534 cum
1196 2509 1286 2533 eam
1319 2497 1582 2549 reliquissent

142 2553 391 2594 Phocenses:
430 2557 501 2607 qui
529 2559 623 2593 eum
651 2553 792 2592 liberis
821 2556 922 2602 suis,
959 2551 1168 2597 uxor-ihm,
1198 2559 1237 2589 et
1264 2554 1579 2604 impedimentis,
