1682 2956
155 122 210 164 38
791 115 825 156 1.
886 118 954 159 26.

159 230 291 269 nullis
302 229 426 283 prius
443 229 593 269 hostiis
611 226 740 268 el'zesis
758 231 904 268 statim
923 242 951 267 a
967 226 1155 281 precihus
1175 229 1363 280 coeperit.
1389 228 1491 280 quia
1517 233 1606 264 tra-

162 286 271 326 dunt
309 287 451 339 multi,
482 288 590 325 inter
620 300 722 340 quos
749 293 788 323 et
824 286 984 335 Varro,
1013 297 1100 323 esse
1128 298 1228 322 aras
1259 291 1346 321 tam
1373 284 1605 335 Apollinis,

164 357 288 398 quam
314 341 409 391 filii
429 345 518 381 eius
538 357 617 381 non
637 350 803 382 tanturn
822 342 935 386 Deli.
966 341 1039 380 sed
1055 343 1102 380 in
1116 342 1317 393 plurimis
1336 341 1440 379 locis
1450 369 1464 389 ,
1495 338 1611 391 apud

165 414 272 453 quas
290 399 450 439 hostiae
469 413 545 438 non
566 397 819 448 caedantur,
849 397 923 436 sed
937 397 1188 437 consuetudo
1208 399 1278 448 sit,
1309 397 1447 435 Deum
1476 397 1609 435 solen-

164 457 347 494 nitatum
381 458 434 507 (1.
473 455 639 494 solenni
670 455 861 508 tantum)
884 469 1006 508 prece
1034 455 1231 494 venerari.
1291 451 1409 493 Idem
1439 451 1535 493 inl.
1568 465 1606 494 1.

165 512 337 554 Aeneid.
367 521 508 560 notat,
544 512 738 565 Paphiae
767 511 938 563 Veneri,
980 525 1085 565 quae
1121 510 1245 563 Qpri
1272 510 1450 559 colitur,
1490 508 1612 547 thure

168 577 337 608 tantum
358 570 595 620 sacrificari
613 577 652 606 et
666 567 864 618 floribus.
927 567 1174 606 Censorinus
1196 579 1232 606 c.
1265 579 1301 607 1.
1339 563 1391 604 de
1409 541 1498 604 D’te
1521 565 1612 603 Na·

169 626 250 664 tali
279 627 467 678 quaerit,
497 625 602 678 quid
616 639 771 663 causae
801 627 881 676 sit,
911 633 960 663 ut
989 619 1213 680 (Persius)
1238 635 1391 661 merum
1410 619 1614 676 funden-

170 682 267 723 dum
295 681 437 734 Genio,
470 696 556 721 non
575 682 715 720 hos-tia
730 658 979 733 sacietidum
999 688 1186 734 putaret,
1216 677 1332 732 quod
1358 679 1536 724 scilicet,
1566 685 1615 717 ut

174 739 307 777 Varro
341 746 521 778 testatur
552 740 598 776 in
627 752 671 778 eo
697 738 799 776 libro
835 740 907 777 cui
935 738 1087 775 titulus
1119 744 1180 774 est
1207 735 1432 774 Attio-ulus
1463 749 1534 774 seu
1563 733 1615 773 de

171 795 386 845 Numeris,
416 795 465 833 id
493 809 579 833 mor
582 809 617 835 ts
645 796 911 848 institutique
943 795 1118 833 maiores
1137 794 1273 831 nostri
1293 799 1538 845 tenuerunt,
1567 799 1616 830 ut

172 865 299 905 quum
327 850 396 889 die
425 851 581 890 Natali·
621 865 767 890 munus
806 851 958 890 annale
990 850 1083 889 Deo
1119 849 1349 895 solverent,
1389 861 1560 888 manum
1587 862 1616 889 a

171 907 298 947 caede
326 921 379 946 ac
402 910 605 959 sanguine
635 907 908 958 abstinerent,
937 923 987 947 ne
1012 905 1099 959 die,
1133 920 1216 959 qua
1242 906 1325 957 ipsi
1341 904 1471 943 lucem
1492 918 1616 944 acce..

169 966 350 1016 pis-sent,
388 965 492 1002 aliis
528 963 727 1002 demerent
764 973 841 1006 etc
876 963 952 1002 ubi
987 961 1080 1003 vid.
1107 970 1254 1001 notata
1281 958 1612 1025 Lindenbrogio.

173 1019 314 1059 Numa
334 1019 461 1059 etiam
483 1019 686 1066 sancivit,
718 1030 768 1058 ut
788 1019 989 1060 Termino
1014 1020 1184 1073 frugum
1206 1015 1421 1073 primitiae
1439 1019 1615 1088 placen-

174 1084 328 1129 taeque
365 1075 637 1125 offerrentur,
681 1090 775 1115 eum
813 1090 992 1131 namque
1019 1075 1075 1125 αἱς
1110 1076 1326 1117 ἐπίσκοπον
1359 1075 1428 1116 και
1454 1070 1615 1144 φύλακα

175 1134 315 1199 φιλίας
344 1136 413 1175 και
445 1131 602 1185 εἰρήνης
631 1133 679 1187 (ὕε
684 1150 725 1175 το
758 1135 841 1175 δεῖν
875 1138 1045 1187 αἵματος
1079 1134 1150 1174 και
1174 1126 1300 1185 φόνου
1325 1128 1513 1186 καθαρόν
1543 1134 1616 1174 καὶ

175 1188 368 1245 ἀμίαντον
384 1187 681 1242 διαφυῑάττειν,
703 1197 910 1242 tanquam
936 1192 1201 1242 inspectorem
1220 1195 1258 1226 et
1273 1188 1480 1227 custodem
1492 1191 1618 1241 pacis

177 1254 217 1284 et
241 1248 458 1285 amicitiae
488 1261 515 1286 a
532 1261 631 1299 san&
616 1248 735 1285 <ruine
752 1260 905 1298 purum
927 1254 965 1284 et
985 1246 1246 1298 impollutum
1264 1244 1510 1284 servandum
1530 1259 1619 1286 ex-

177 1302 408 1341 istimabat.
468 1303 686 1341 Plutarch.
721 1302 765 1341 in
797 1304 938 1342 Numa
965 1311 1008 1342 et
1044 1302 1211 1352 Quaest.
1240 1301 1359 1340 Rom.
1396 1314 1491 1341 cum
1528 1314 1615 1370 quo

177 1358 282 1398 facit
299 1360 471 1411 Dionys,
500 1359 696 1399 Halicar.
726 1361 754 1399 1
817 1358 906 1402 Α.
935 1359 989 1398 R.
1018 1355 1143 1432 10me-
1157 1373 1200 1401 τε
1220 1355 1299 1414 γοέρ
1316 1355 1503 1424 ηγοῦνται
1512 1374 1617 1426 ,τους

176 1415 362 1483 τέρμινας
381 1419 450 1458 καὶ
467 1411 639 1459 θύοισιν
666 1413 801 1466 αὐτοῖς
821 1415 881 1461 ἔτι
899 1416 980 1459 τῶν
998 1416 1072 1469 μὲν
1093 1411 1289 1482 ἐμψύχων
1317 1411 1443 1457 οὐδέν.
1472 1429 1519 1456 ου
1538 1413 1616 1470 γάρ

177 1470 288 1516 ὅσιον
308 1468 516 1539 αἱμάττειν
540 1489 628 1522 τους
661 1474 825 1522 λίθους·
854 1469 1049 1521 πελάνους
1073 1474 1116 1515 δὲ
1145 1469 1360 1524 Δημητρος·
1394 1472 1465 1514 καὶ
1491 1470 1617 1520 ἄλλας

176 1526 287 1577 τινάς
306 1529 469 1583 καρπῶν
485 1522 681 1583 απαρχάς.
729 1528 848 1583 Quae
869 1527 954 1568 duo
977 1530 1071 1568 loca
1089 1527 1302 1583 suggessit
1320 1527 1504 1570 Illustris
1527 1529 1612 1570 Dn.

178 1586 354 1624 Praetor
382 1584 622 1636 Obrechtus,
651 1587 865 1625 Patronus
894 1586 1043 1625 Noster
1063 1587 1266 1638 Magnus.
1324 1583 1546 1625 Caeterum
1566 1593 1619 1626 ut

178 1640 232 1680 ad
258 1641 360 1681 alias
397 1641 523 1681 etiam
552 1650 696 1695 gentes
727 1650 1013 1691 transeamus,
1044 1641 1230 1680 Macros.
1259 1642 1287 1683 l.
1320 1652 1356 1682 1.
1399 1640 1545 1685 Satur,
1579 1655 1615 1682 c.

177 1696 218 1739 4.
275 1698 492 1751 Aegyptii,
523 1697 689 1751 inquit,
717 1699 804 1736 solo
832 1697 950 1736 thure
972 1698 1088 1738 Deos
1107 1699 1301 1750 placant.
1331 1695 1448 1751 quod
1476 1705 1617 1737 tamen

182 1752 234 1792 de
259 1751 508 1808 quibusdam
535 1753 846 1809 Aegyptiorum
872 1752 1191 1807 accipiendum,
1221 1753 1424 1808 quoniam
1452 1761 1621 1795 constat

180 1822 258 1848 nec
285 1822 357 1848 eos
384 1810 509 1862 plane
539 1808 792 1851 abstinuisse
825 1823 868 1849 se
891 1809 941 1848 ab
963 1785 1232 1849 immolandis
1259 1808 1511 1848 animalibus
1529 1807 1617 1855 vid

177 1864 384 1906 Philus-tr
421 1863 472 1905 de
508 1865 560 1906 V.
591 1865 640 1907 A
672 1869 701 1907 1.
735 1880 947 1909 v-c.1x.
1005 1867 1223 1907 Praeterea
1252 1879 1307 1906 ex
1326 1865 1542 1930 Aristppli.
1571 1864 1618 1907 in

179 1922 297 1959 Pace
324 1919 481 1976 liquet,
510 1920 625 1974 quod
650 1923 918 1962 Athenienses
946 1922 1060 1963 Paci
1088 1924 1228 1964 nullas
1252 1921 1514 1963 sacraverint
1532 1919 1620 1963 ho-

180 1974 303 2017 stias.

344 2042 416 2098 οὐχ
441 2044 591 2096 ἥδεται,
623 2045 775 2100 inquit,
805 2042 1015 2093 δήπουθεν
1041 2039 1181 2102 εἰρήνη
1211 2046 1401 2101 σφαγαῖς·

350 2099 442 2146 ουδ’
470 2102 712 2156 αἱματοῦται
739 2099 889 2156 βωμός.

344 2171 426 2198 non
454 2166 562 2196 certe
586 2172 732 2210 pacem
754 2173 873 2198 caesa
901 2161 1024 2198 iuvat
1052 2160 1254 2206 victima,

342 2227 415 2254 nec
444 2228 522 2253 ara
550 2223 804 2255 cruentatur.
832 2217 880 2253 in
908 2217 1022 2254 Pace
1049 2208 1480 2270 p.693.(v.1019.)

177 2289 263 2329 Ubi
287 2292 462 2332 Scholia
479 2291 582 2333 vide
610 2292 685 2332 vis,
711 2292 761 2333 de
784 2294 1101 2334 Misericordiae
1119 2293 1204 2333 Ara
1231 2290 1346 2347 apud
1366 2289 1539 2332 eosdem
1556 2303 1621 2331 oa-

178 2347 246 2386 nit
264 2347 427 2401 Statius
449 2361 497 2389 12
524 2348 722 2388 Thebaid.

342 2424 486 2467 parca'
509 2417 768 2467 superstitio.-
798 2431 875 2455 non
896 2417 1044 2456 thurea
1062 2418 1270 2468 flamma,
1301 2429 1375 2454 nec
1401 2415 1511 2454 altus

346 2472 561 2523 accipitur*
578 2476 779 2525 sanguis,
807 2473 1029 2527 lachrymis
1051 2474 1210 2512 altaria
1232 2472 1402 2510 sudant.

177 2548 267 2589 Ubi
288 2549 545 2588 Lactantius
565 2554 797 2602 praeclare,
828 2552 942 2591 nullo
959 2553 1161 2602 sacrificio
1175 2583 1186 2602 ,
1213 2549 1378 2604 inquit,
1408 2562 1480 2590 nnc
1501 2562 1615 2587 sum..

172 2607 332 2659 ptuosis
369 2604 650 2656 litationibus,
697 2607 766 2646 sed
798 2608 892 2646 solis
931 2610 1175 2647 miserorum
1205 2606 1428 2658 lachrymis
1467 2606 1622 2656 pietate
