1682 2956
742 135 778 175 Ι.
836 138 876 181 5.
1515 137 1542 177 9

91 252 164 295 καῖ
181 253 301 307 ἴδριες
327 247 491 295 πάντων
511 249 628 294 αὐτοὶ
654 254 778 302 εἰσιν,
808 249 839 300 ἢ
858 249 923 293 ὅτι
947 249 1277 300 doceamus-flos,
1305 249 1374 291 καῖ
1390 250 1541 299 διοικη-

66 327 70 330 ’
90 312 159 351 tal
173 309 254 352 τῶν
273 307 523 362 οἷνθρώπων.
584 309 782 349 ΕιιειέαεῘι.
805 307 931 348 etiam
953 309 968 351 (
986 305 1102 361 quod
1127 305 1293 345 observ.
1327 303 1560 359 Sylburg.)

89 365 120 417 ἤ
145 368 317 419 δαίμων,
348 366 408 406 de·
435 367 608 405 Venere:
649 366 819 420 ἄθυρμα
853 363 930 419 γοῖρ
951 362 1001 415 ἦν
1023 361 1052 414 ἦ
1078 361 1274 419 νῆσοςτῇ
1304 363 1469 416 δαίμονι
1489 361 1544 401 ad

89 436 130 463 v.
161 421 256 466 508.
286 425 463 477 Dionys.
496 421 856 477 Quemadmodum
878 423 1059 461 Homero
1081 419 1225 460 eadem
1245 419 1412 468 ἄναλκις
1431 416 1543 468 θεός.

91 479 216 523 Iliad.
251 480 286 523 ἐς
315 478 409 522 551,
443 481 598 519 Pallas
619 494 720 519 vero
754 474 867 528 deam*
890 475 1001 527 θεός.
1041 476 1163 529 Odys.
1195 475 1233 527 η’.
1265 474 1333 517 4ι.
1375 477 1544 516 Theocr-

91 536 120 578 οἷ
162 535 265 587 θεός
302 539 343 580 ἒν
379 533 601 593 τριόδοισι,
630 538 811 587 Hecate,
849 535 958 589 Idyl.
989 539 1031 589 β.
1070 531 1137 574 56.
1198 535 1544 574 Rursum-Hom.

93 591 225 635 Iliad.
255 591 312 637 θ’.
345 607 382 648 7.
411 591 512 643 θεός
533 591 703 646 θήλεια,
734 597 803 636 καὶ
829 592 976 645 ἅρσην.
1033 589 1117 631 Sed
1145 604 1245 630 mox
1273 604 1314 631 v.
1347 602 1414 631 20.
1444 585 1546 633 ποῖν-

92 666 157 700 τες
171 666 214 693 τε
239 652 350 699 θεοῖ,
379 650 514 693 πᾶσαί
530 668 571 693 τε
593 652 773 694 θέαιναι.
833 651 992 691 SEBER-

196 709 307 763 ww
324 714 611 775 γᾰρὉμήρῳ]
642 716 917 757 Huic'Seberi
936 715 1226 756 observationi
1250 714 1369 766 adde,
1400 715 1447 755 in
1476 715 1548 756 Sa-

94 775 177 816 cris
193 776 321 818 etiam
342 777 389 826 τῆ
405 776 510 816 Baal
529 789 616 816 non
639 776 766 814 semel
785 781 940 813 extare.
963 772 1056 826 Ipsi
1074 773 1201 813 etiam
1223 771 1405 812 Ethnici
1422 785 1548 826 saepe

93 821 375 888 ignorabant,⁴
402 841 543 871 utrum
571 833 691 875 Deus
716 845 767 870 an
793 830 891 870 Dea
919 838 1049 880 esset,
1080 829 1150 869 cui
1184 832 1345 869 cultum
1361 838 1548 882 praesta-

94 888 220 941 bant,
248 887 435 943 ideoque
465 902 520 928 ne
549 888 792 927 aberrarent
812 900 834 924 a
858 886 1010 938 ianua,
1041 895 1271 940 utrumque
1302 899 1448 925 sexum
1466 885 1548 924 uni

95 945 317 999 eidemque
338 947 436 987 Deo
459 943 762 985 attribuebant.
807 942 934 984 Unde
954 942 1028 983 illa
1051 941 1278 982 dubitandi
1299 943 1485 981 formula
1500 942 1551 981 in

94 1002 316 1057 precibus.-
348 1004 434 1040 sive
455 1010 502 1040 tu
520 1002 633 1047 Deus
654 1015 717 1049 es,
747 1002 834 1040 sive
853 1001 960 1041 Dea.
1024 1001 1159 1051 Stilpo
1180 1009 1321 1040 tamen
1344 1013 1440 1038 cum
1469 1013 1551 1039 ne-

95 1068 215 1116 garet
233 1060 474 1097 Minervam
502 1072 589 1098 esse
613 1055 717 1100 Θιόν
739 1066 781 1096 et
805 1070 854 1098 ea
875 1066 1050 1111 propter
1071 1070 1237 1096 causam
1263 1054 1377 1110 apud
1405 1056 1552 1095 Areo-

91 1117 270 1168 pagitas
301 1113 482 1166 diceret,
521 1113 724 1154 distinxit
761 1113 869 1156 θεοὶν
897 1127 920 1152 a
947 1113 1055 1169 θεῷ,
1087 1122 1129 1152 et
1158 1115 1398 1152 Minervam
1429 1108 1551 1166 Θεᾶν,

97 1180 187 1211 non
213 1167 315 1216 Θεᾰν
335 1170 422 1210 dici
440 1170 593 1211 voluit.
636 1170 793 1211 Verum
816 1169 902 1211 hoc
926 1174 1069 1210 colore
1088 1169 1363 1222 Areopagitis
1385 1178 1553 1209 tantum

97 1226 216 1269 abest
246 1237 296 1267 ut
326 1227 607 1278 satisfecerit,
640 1235 689 1265 ut
719 1225 822 1267 urbe
863 1227 1005 1266 iussus
1034 1226 1091 1266 sit
1132 1226 1360 1279 excederet,
1400 1227 1549 1268 Laert.

97 1284 142 1323 in
163 1285 254 1324 eius
284 1285 401 1324 Vita.
429 1284 504 1322 ubi
535 1292 578 1324 et
596 1283 774 1323 Diodori
793 1283 926 1323 Athea·
945 1283 1074 1324 verba
1097 1281 1176 1322 hac
1199 1281 1251 1323 de
1272 1285 1551 1337 releguntur.

97 1341 217 1382 Inter
245 1355 294 1382 ea
319 1341 672 1380 Aldobrandinus
696 1337 847 1383 κόλπον
872 1338 1114 1383 θεάσασθαι
1141 1342 1248 1379 male
1270 1337 1458 1379 reddidit
1473 1354 1556 1391 pe-

99 1400 194 1437 ctas
224 1406 418 1451 spectare.
477 1397 596 1437 Nam*
615 1393 763 1447 κόλπος
792 1396 904 1437 idem
933 1396 1150 1452 significat
1178 1394 1295 1450 quod
1315 1395 1442 1447 κῆπος
1463 1410 1555 1435 mu-

96 1453 256 1495 liebris.
315 1455 525 1508 Excerpta
556 1454 651 1494 cod.
687 1454 799 1495 Voss.
830 1453 903 1493 hic
938 1453 1118 1502 habent,
1166 1454 1353 1506 δαίμονες
1382 1458 1422 1495 οἱ
1459 1455 1558 1496 θεοῖ

98 1509 206 1565 παρ’
220 1507 407 1568 Ὁμήρῳ,
437 1525 522 1551 nec<
536 1519 776 1565 agnoscunt
809 1510 890 1550 ista
912 1509 1039 1551 verba
1052 1543 1064 1562 ‚
1095 1512 1289 1563 δαίμονας
1309 1511 1446 1553 καλεῖν
1461 1505 1557 1560 τούς

98 1565 246 1616 θεούς,
277 1582 358 1607 nec
385 1566 590 1607 videntur
617 1581 708 1607 esse
738 1567 986 1609 necessaria.
1049 1566 1272 1607 Caeterum
1302 1566 1405 1606 satis
1436 1575 1557 1620 patet

98 1638 188 1664 non
212 1623 409 1664 omnibus
443 1622 554 1663 idem
585 1622 724 1664 videri
755 1623 952 1675 Graecis,
985 1621 1154 1679 quando
1187 1621 1239 1662 de
1255 1622 1557 1663 Daemonibus

97 1684 345 1736 loquuntur.
367 1694 370 1696 ’
402 1681 517 1721 Usus
537 1679 707 1738 quidem
733 1679 942 1735 loquendi
967 1681 1087 1720 Deos
1106 1689 1147 1720 et
1165 1680 1411 1720 Daemonas
1435 1680 1558 1720 iuxta

102 1737 309 1788 aestimat,
329 1736 396 1777 uti
416 1752 469 1778 ex
482 1739 661 1776 Homero
679 1738 838 1778 Pollux
859 1736 998 1778 docet.
1033 1736 1193 1776 Herod.
1217 1736 1344 1775 etiam
1368 1736 1414 1775 in
1433 1736 1557 1776 Thal.

103 1797 143 1837 εἰ
162 1796 316 1849 δαίμων
337 1795 491 1844 ἐθέλει,
519 1795 559 1834 si
577 1795 695 1832 Deus
713 1795 910 1843 voluerit,
941 1793 1100 1848 inquit.
1159 1792 1456 1847 Elegantiores
1479 1806 1560 1832 80-

101 1854 192 1892 lent
224 1850 500 1905 coniungere,
531 1859 595 1901 ut,
624 1855 665 1893 οἱ
697 1853 791 1894 Θεοῖ
806 1853 984 1893 εἴσονται
1011 1852 1081 1892 καὶ
1101 1847 1145 1892 τό
1176 1848 1408 1902 δαιμόνιον,
1437 1851 1559 1888 Deus

103 1910 262 1947 nouerit
279 1917 321 1946 et
339 1907 616 1946 daemonium.
651 1908 839 1948 Demos-t.
872 1907 918 1946 in
940 1907 989 1946 de
1012 1907 1131 1947 Facs.
1160 1908 1312 1959 Legat.
1344 1916 1387 1946 et
1405 1906 1561 1946 iterum

104 1964 149 2002 in
175 1977 196 2004 2
233 1964 405 2016 Olyntlu
429 1965 642 2017 δαιμονίαν
660 1962 754 2006 ravo?
773 1966 843 2006 καὶ
867 1965 994 2007 θείαν
1013 1961 1246 2017 εὐεργεσίαν
1268 1962 1410 2002 habet.
1432 1984 1434 1986 ·
1470 1961 1562 2002 Ubi

108 2022 318 2073 Ulpiana-s·
338 2018 385 2062 zo*
405 2017 608 2075 δαιμόνιον
625 2020 698 2063 τοῦ
716 2023 836 2064 θείου
856 2019 971 2075 παροῖ
989 2021 1072 2067 τοῖς
1096 2018 1258 2074 ῥήτορσι
1277 2017 1399 2061 οὐδὲν
1421 2018 1563 2072 διαφέ-

104 2093 192 2131 ρει,
222 2074 315 2118 ἀλλ’
339 2073 674 2129 ἐκπαραλλήλου
702 2073 750 2120 *to*
781 2075 894 2120 αὐτό.
955 2076 1126 2131 Quibus
1150 2077 1225 2116 ille
1254 2075 1384 2116 tacite
1400 2075 1561 2126 innuit,

107 2134 212 2173 alias
231 2132 313 2172 ista
337 2133 513 2172 nomina
532 2147 655 2188 quam
678 2134 929 2188 longissime
950 2148 973 2173 a
991 2147 1034 2174 se
1056 2132 1241 2173 invicem
1265 2131 1393 2172 abire.
1424 2132 1565 2172 Nem-

106 2204 159 2244 pe
196 2188 243 2228 in
286 2188 444 2229 scholis
484 2189 846 2243 philosophorum
893 2189 1145 2242 docebatur,
1186 2202 1277 2230 esse
1310 2188 1494 2242 primum
1523 2196 1567 2227 et
1601 2226 1612 2231 ,

104 2257 336 2295 summum,
370 2244 439 2288 τόν
459 2246 537 2298 τοῦ,
553 2244 708 2297 παντός
734 2244 853 2298 Θεόν,
875 2247 1027 2302 πατέρα
1053 2261 1096 2288 τε
1115 2248 1187 2289 καὶ
1205 2246 1396 2300 βασιλεάε
1426 2245 1472 2283 in
1496 2257 1568 2284 se·-

107 2301 249 2342 cundo
269 2300 403 2357 gradu
431 2301 663 2344 subsistere
693 2300 740 2346 w*
767 2300 955 2359 δεύτερον
1002 2305 1090 2352 ε’νος
1110 2302 1235 2346 θεῶν.
1266 2301 1351 2341 hoc
1368 2301 1569 2355 excipere

106 2356 157 2402 w?
174 2357 384 2410 δαιμόνια,
420 2367 462 2399 et
480 2358 677 2413 ultimum
698 2374 847 2415 agmen
867 2363 961 2400 elau
995 2374 1063 2400 ere
1093 2361 1271 2400 Heroas.
1329 2357 1568 2397 Daemoni-

107 2414 186 2454 bus
208 2413 326 2454 hisce
344 2416 474 2454 statio
492 2413 694 2470 sedesque
714 2416 810 2456 data
830 2426 893 2457 est
913 2417 1021 2456 circa
1034 2417 1203 2455 Lunam
1228 2424 1271 2454 et
1291 2414 1337 2453 in
1358 2419 1465 2454 ae're.
1483 2413 1567 2453 Ve-

108 2486 200 2510 rum
228 2470 308 2510 hae
342 2469 643 2512 distinctiones
678 2473 812 2527 magis
838 2473 883 2512 iu
912 2473 1081 2514 Scholis
1105 2470 1342 2511 Gentilium
1371 2484 1497 2524 quam
1518 2469 1567 2508 in

85 2536 88 2540 '
111 2541 194 2566 usu
216 2536 459 2567 constanter
480 2528 614 2569 fuere.
672 2529 783 2569 Nam
803 2530 892 2570 Dei
910 2529 1071 2584 ipsius,
1105 2542 1227 2582 quem
1255 2541 1394 2581 regem
1421 2524 1569 2565 homi-

112 2597 298 2637 numque
319 2584 549 2637 Defimque
566 2596 847 2639 agnoverunt,
880 2586 1001 2640 quasi
1020 2584 1162 2634 obliti,
1192 2584 1238 2622 in
1265 2581 1567 2623 Daemonibus

117 2638 307 2692 colendis
339 2640 676 2694 occupabantur3
710 2655 868 2696 eosque
894 2643 941 2682 in
971 2642 1111 2695 ipsum
1138 2641 1313 2680 deorum
1347 2650 1567 2678 numerum
