1670 2938
167 111 252 155 750
794 109 873 152 IV.
929 112 1002 155 99.

291 222 377 273 εἴδη
398 221 440 265 δὲ
457 219 697 277 ὀρχημάτων
710 221 809 275 ·etc.]
848 221 1121 264 Casaubonus
1136 223 1256 270 XIV.
1279 223 1432 266 'Athea
1465 239 1502 278 7.
1534 225 1619 267 Sal-

180 279 358 319 tationis
393 293 521 333 quum
553 278 678 317 multi
713 277 830 316 modi
857 278 1081 320 schematis
1112 293 1156 322 et
1176 282 1424 322 nominibus
1446 282 1619 329 discreti

179 344 340 384 essent,
368 338 642 390 exemplaque
672 334 836 390 aliquot
866 335 1103 376 referantur
1122 337 1172 376 ab
1195 339 1422 390 Athenaeo,
1452 347 1496 379 et
1521 339 1621 380 Pol-

179 393 269 431 luce
298 391 385 439 hic,
413 394 563 430 multas
592 400 754 438 tamen,
790 391 875 440 ait,
903 393 1208 446 appellationes
1237 394 1287 434 ab
1320 404 1505 450 utroque
1530 409 1620 436 esse

177 448 514 501 praetermissas,
554 461 642 486 non
673 456 737 487 est
774 445 964 487 dubium.
1023 451 1126 489 Tres
1151 451 1339 503 priores,
1378 465 1485 507 quae
1520 461 1621 492 sunt

177 505 387 556 ἐμμέλεια,
420 503 576 558 κόρδαξ,
604 511 647 543 et
675 505 819 552 σίκινις
852 504 934 554 (sic
952 505 1062 545 enim
1085 505 1226 562 habet)
1257 509 1437 562 exponit
1453 517 1496 548 et
1518 522 1620 548 avus

176 560 249 600 hic
275 561 319 599 in
344 559 505 602 Comm.
537 570 618 602 utr.
648 559 754 615 ling.
787 574 878 614 cap.
912 559 1006 617 928.
1033 562 1128 605 MS.
1157 562 1286 604 habet
1303 580 1446 614 σικινις
1464 563 1620 619 absque

178 626 369 659 accentu.
396 616 524 670 Apud
543 617 693 658 Atlzen.
716 615 792 656 lib.
807 617 843 657 Ι.
867 626 909 657 et
927 616 1002 658 lib.
1024 617 1141 661 XIV.
1155 629 1219 660 est
1237 621 1419 673 σίκιννις,
1449 620 1524 660 ubi
1541 621 1620 662 hae

178 684 260 713 tres
280 674 405 713 etiam
432 674 682 728 iunguntur.
711 682 761 712 ut
789 683 830 713 et
852 672 966 727 apud
983 675 1166 728 Hesych.
1198 675 1243 714 in
1265 677 1445 726 σίκιννις.
1478 676 1530 718 de
1550 677 1619 717 his

178 739 221 770 et
239 729 414 769 cordace
443 728 547 769 hinc
578 729 703 770 etiam
735 731 950 769 Furlanus
983 729 1037 770 ad
1057 740 1197 771 notam
1220 732 1386 774 XVIII.
1423 733 1620 788 ἸῚιεοΡΙιν.

178 785 372 826 Charact.
403 795 446 825 et
480 787 602 839 Cruq.
631 785 752 827 ade.
783 786 922 839 Epist.
955 800 1019 828 10.
1047 789 1241 839 Horatii.
1272 787 1323 830 de
1342 791 1531 830 emmelia
1553 800 1622 831 et-

178 843 261 882 iam
298 843 380 886 Iul,
409 843 599 895 Scaliger
627 841 788 896 insigni
821 843 1082 898 fragmento,
1114 844 1232 885 edito
1262 859 1355 885 cum
1379 846 1513 900 ipsius
1532 847 1621 901 epi·

177 899 323 949 stolis,
354 898 404 939 de
436 899 563 938 verbo
594 899 755 952 Inepti.
795 898 883 941 vid.
915 909 958 940 et
995 900 1222 939 Erasmam
1253 901 1442 958 Adagio,
1470 905 1621 956 Pyrri-

177 956 281 994 chen
304 957 437 994 oculis
451 970 556 1007 prae
575 971 618 994 se
632 954 794 1010 ferens.
824 955 899 1002 ubi
917 958 1001 996 late
1021 955 1072 996 de
1096 957 1315 1010 Pyr-riche,
1342 969 1385 999 et
1410 959 1539 999 simul
1559 969 1622 1000 et·

176 1013 260 1050 iam
283 1011 467 1051 breviter
494 1011 565 1051 hic
591 1009 784 1064 ξιφισμόν
811 1021 854 1052 et
880 1011 1082 1068 ποδισμὸν
1100 1024 1178 1055 etc.
1234 1015 1305 1054 De
1322 1015 1530 1068 Pyrria-ha
1546 1017 1622 1061 vi-‚

178 1067 326 1108 deatur
348 1068 474 1106 etiam
500 1070 677 1120 Buleng.
708 1069 743 1107 I.
775 1067 827 1108 de
848 1067 1032 1109 Theatro
1051 1068 1119 1111 45.
1151 1078 1193 1110 et
1211 1071 1428 1111 Brodaeus
1448 1071 1499 1115 V.
1527 1074 1621 1113 Mi-

176 1127 290 1164 scell.
322 1122 386 1166 26.
427 1122 543 1178 quod
574 1125 648 1163 alii
679 1125 807 1163 alium
839 1134 1051 1166 auctorem
1079 1125 1171 1166 eius
1202 1127 1381 1166 faciunt.
1421 1126 1473 1167 de
1501 1141 1548 1168 ea
1581 1139 1623 1170 et

174 1181 336 1234 Rigalt.
367 1178 421 1219 ad
447 1181 699 1223 Artemidor.
730 1181 765 1220 I.
796 1194 862 1234 ep.
898 1180 966 1236 78.
1004 1191 1047 1222 et
1071 1182 1273 1222 Cuiaeius
1300 1183 1425 1226 XIII.
1457 1183 1620 1227 obserV.

179 1249 245 1279 10.
270 1237 360 1276 alii.
415 1238 543 1277 IUNG.
661 1242 664 1247 '

285 1289 554 1348 ὀρχημάτων]
582 1289 800 1347 ὀρχήσεων.
860 1292 978 1351 Βωμ-

285 1351 494 1404 ἐμμέλεια]
543 1349 591 1389 C.
626 1352 677 1388 A.
709 1349 1030 1391 distinctionem
1058 1350 1130 1391 hic
1152 1355 1311 1392 nullam
1332 1350 1460 1396 habet
1478 1364 1528 1397 ut
1542 1370 1620 1398 nec

176 1416 276 1462 post
299 1405 507 1460 κόρδακες.
539 1405 637 1446 dein
659 1408 807 1455 σίκινις
826 1411 1048 1462 σατυρικοΙ.
1105 1410 1290 1451 Kvmm‘.

288 1463 486 1516 κωμικοὶ]
519 1463 566 1502 Ρ.
596 1460 764 1513 κωμική.
793 1463 907 1517 Aug,
936 1474 986 1504 ut
1007 1463 1074 1505 ed.
1133 1465 1233 1510 SEB.

284 1519 494 1572 τελεσίας]
530 1518 576 1559 C·
610 1519 660 1561 A.
687 1520 859 1561 τελεσία.
916 1520 1094 1563 Κυκιῑπ.

286 1572 474 1630 Κριτῶν]
527 1574 575 1614 C.
614 1575 666 1616 A.
706 1580 892 1631 Κρητῶν.
930 1576 979 1618 C.
1009 1578 1063 1618 V.
1106 1579 1356 1630 Pyrrichum
1393 1580 1620 1622 Cretensem

175 1633 302 1675 etiam
321 1632 502 1685 Hesych.
530 1629 659 1671 habet
677 1632 721 1670 in
744 1635 994 1689 πυῤῥιχίζειν
1013 1643 1056 1674 et
1075 1634 1231 1673 Meurs.
1262 1637 1425 1678 Lacon.
1454 1638 1530 1677 lib.
1555 1639 1619 1681 II.

175 1705 265 1745 cap.
302 1702 361 1731 12.
391 1689 633 1728 conferatur
656 1690 876 1728 Lucinam·
895 1690 948 1730 de
975 1691 1132 1730 Saltat.
1162 1690 1237 1729 ubi
1256 1705 1276 1730 a
1301 1694 1465 1743 Pyrrho
1483 1708 1620 1734 accer-

173 1747 229 1787 sit
248 1748 464 1802 πυρῥίχην.
521 1744 788 1798 Athenaeus,
817 1747 1062 1799 Pyrria-hem
1087 1746 1196 1787 facit
1218 1747 1619 1795 Lacedaemonium,

171 1804 347 1844 Hui-:mm

283 1869 473 1924 Κριτῶν]
523 1868 594 1910 Sic
631 1868 819 1923 vulgati:
869 1868 985 1924 quod
1022 1869 1194 1910 videtur
1226 1871 1481 1926 quibusdam
1516 1874 1622 1914 viris

173 1925 312 1966 doctis
343 1934 582 1980 suspectum
611 1925 762 1974 fuisse,
811 1925 914 1965 licet
940 1926 986 1966 id
1023 1941 1111 1966 non
1143 1928 1355 1971 fatentur:
1402 1929 1462 1970 ita
1502 1939 1623 1983 patet

174 1997 304 2036 quum
336 1982 477 2035 priora
507 1981 557 2021 de
589 1982 828 2034 Pyrrhicha
857 1993 901 2022 et
933 1984 1092 2023 Telesia
1118 1982 1220 2023 hinc
1247 1985 1394 2026 citant.
1452 1987 1618 2042 Legen-

174 2038 271 2078 dum
293 2048 342 2077 ut
370 2037 467 2077 MS.
498 2051 695 2090 expresse
713 2037 841 2078 habet
859 2040 1044 2094 Κρητῶν.
1103 2039 1228 2080 Vidit
1248 2039 1330 2081 hoc
1351 2051 1394 2081 et
1413 2056 1516 2083 avus
1538 2057 1620 2083 no-

171 2103 279 2142 ster,
309 2093 383 2149 qui
410 2093 515 2133 haec
543 2107 760 2146 exponens
788 2094 948 2135 Comm.
983 2110 1073 2149 cap.
1104 2101 1196 2152 928.
1229 2096 1310 2150 ait,
1341 2098 1504 2138 Armati
1533 2102 1618 2139 sal-

171 2150 319 2191 tabant
337 2151 538 2205 πυρῥίχην
566 2159 609 2189 et
638 2152 839 2202 τελεσιάν,
875 2153 935 2190 ita
960 2155 1191 2206 appellatas
1209 2153 1452 2194 sanationes
1472 2168 1493 2193 a
1517 2155 1617 2195 Cre·

170 2206 364 2246 tensibus
403 2205 588 2253 duobus,
625 2206 862 2257 Pyrrhicho
889 2217 931 2247 et
969 2207 1141 2250 Telesia.
1198 2209 1301 2249 Non
1331 2209 1444 2249 vidit
1474 2210 1617 2250 Eras-

170 2277 285 2313 mus,
318 2261 394 2316 qui
414 2261 581 2316 Adagio
614 2261 871 2313 Pyrrhichen
892 2265 1024 2303 oculis
1037 2279 1142 2318 prae
1159 2280 1201 2303 se
1219 2265 1370 2317 fhrerw.
1401 2268 1614 2319 vulgatam

169 2318 412 2359 mendosam
442 2327 612 2358 secutus
642 2317 702 2356 ita
731 2319 896 2367 scribit,
930 2321 1070 2360 Iulius
1097 2323 1251 2359 Pollux
1279 2321 1340 2360 ait
1356 2321 1616 2373 Pyrrhia-hen

169 2373 344 2416 eandem
363 2388 452 2414 esse
477 2388 573 2413 cum
598 2373 782 2422 Telesia,
811 2384 854 2414 et
873 2385 1078 2432 utrosque
1098 2377 1232 2416 fuisse
1256 2375 1418 2416 iudices
1440 2375 1524 2416 hoc
1543 2393 1624 2433 ge(

169 2445 252 2471 nus
271 2429 559 2470 certaminum.
617 2429 710 2469 Nec
733 2429 817 2470 hoc
838 2431 962 2472 credo
980 2432 1180 2472 convinci
1209 2441 1369 2485 potest,
1404 2434 1619 2484 Pollucem·

169 2502 297 2526 unam
318 2495 362 2527 et
384 2485 557 2527 eandem
588 2484 772 2540 speciem
800 2487 939 2527 facere
957 2497 1177 2542 utramque
1208 2488 1322 2527 illam
1348 2485 1531 2532 ἐνόπλιον
1545 2489 1622 2545 ὅρη

167 2559 297 2598 mom,
330 2540 448 2598 quod
466 2540 689 2593 crederem,
717 2542 755 2582 si
776 2542 991 2594 scriberet,
1022 2546 1195 2601 πυῤῥίχη
1223 2559 1266 2586 τε
1293 2542 1323 2594 ἢ
1340 2547 1410 2586 καὶ
1430 2551 1507 2588 tel..
1538 2545 1646 2594 ⁵014

167 2613 258 2640 non
287 2598 352 2639 sic
388 2597 552 2651 habet,
583 2607 627 2640 et
656 2598 758 2639 satis
787 2607 979 2655 apertum
1021 2599 1107 2642 duo
1134 2614 1286 2656 genera
1318 2615 1412 2641 eum
1439 2601 1611 2656 referte,
1645 2615 1647 2617 ’
