1690 2944
215 93 297 134 390
823 86 882 127 ΙΙ.
942 89 1033 128 100.

326 197 621 255 ὕπερῆρτηται]
679 198 777 242 MS.
826 197 1049 253 ’ὑπερῆρται
1092 198 1133 240 δὲ
1174 194 1367 251 στομάχου
1403 199 1472 239 καὶ
1508 202 1574 252 βρ.
1614 214 1651 239 κ.

217 257 445 297 Iunonum.

325 316 364 354 εἰ
386 309 579 363 νοσήσας]
610 311 704 350 MS.
734 308 786 361 ἢν
803 328 890 354 νοσ.
919 308 1124 365 φλεγμῆνη
1144 310 1214 352 καὶ
1233 311 1272 357 ἐς
1291 302 1377 364 ὅχρ.
1408 306 1499 360 (sed
1519 322 1656 348 emen·

219 367 357 408 datum
381 365 508 423 ω’χρ.)
537 364 762 425 ὖποτραπῇ.
819 369 943 410 Iuno.

222 492 246 530 S
327 435 591 491 ᾳλεγμαίνοι]
641 437 690 477 Ρ.
731 435 784 480 V.
814 443 857 474 et
885 433 938 474 A.
977 428 1192 488 φλεγμήνῃ.
1238 440 1281 472 et
1309 444 1408 471 mox
1433 429 1655 487 ὕποτραπῇ.

251 506 436 532 nunnus.

328 547 631 601 Ἀριστοτέλης]
661 546 761 587 Lib.
790 546 829 588 Ῑ.
862 546 918 586 H.
955 543 1003 587 A.
1036 544 1080 584 in
1103 542 1185 582 fine
1204 557 1294 596 cap.
1331 555 1392 584 ιι.
1429 542 1610 583 ΚυΕΗΝ.

327 602 639 658 Ἀριστοτέλης]
688 603 932 642 Aristoteli-⁵·
958 600 1085 640 verba
1114 600 1205 655 περὶ
1232 605 1314 643 Ζω.
1353 603 1481 652 ἱστορ.
1519 599 1594 639 lib.
1623 598 1658 637 I.

219 659 296 699 sub
324 659 407 699 fine
437 674 527 713 cap.
563 674 624 701 ιι.
657 669 781 698 sunt:
827 657 908 701 ἔσω
937 655 979 700 δ’
1019 656 1117 699 ἄλλο
1151 653 1294 712 μόριον
1336 656 1657 709 σταφυλοφόρον,

218 719 316 758 κίων
332 718 559 771 ἐπίᾳλερὀς.
575 722 581 731 “
615 715 743 756 IUNG.

329 782 377 826 τό
395 785 436 826 δὲ
453 782 538 836 μετ’
555 780 703 836 αὐτην]
729 783 782 822 In
802 781 992 838 margine
1012 787 1127 821 extat
1146 779 1192 822 C.
1213 780 1260 820 A.
1281 777 1330 823 to*
1345 780 1387 822 δὲ
1409 779 1504 832 περὶ
1528 776 1660 832 (quod

220 849 263 878 et
281 840 330 881 V.
365 839 411 881 C.
440 841 542 893 leg·)
570 837 695 882 αὐτόν
726 835 859 887 πόλος.
888 846 1035 891 postea
1063 836 1108 874 in
1136 844 1280 875 textu:
1308 834 1356 878 w*
1384 838 1428 878 δὲ
1456 831 1660 888 στομάχου

219 914 255 936 υ.
287 915 327 948 φ.
358 896 509 935 iterum
530 896 575 934 in
601 895 788 950 margine
807 904 871 934 est
888 897 958 936 καῖ
977 889 1223 947 φαρύγετρον
1244 907 1277 934 ο.
1309 890 1461 932 deinde
1485 891 1577 930 sine
1600 891 1663 929 ti-

220 955 312 990 tulo
332 951 377 990 in
399 952 493 1005 ipso
525 961 645 992 textu
680 961 756 1002 est,
789 948 966 1004 ὁνόματα
995 951 1037 990 δὲ
1054 951 1098 991 ἐκ
1114 948 1187 990 τοῦ
1207 945 1415 1002 στόματος.
1474 947 1658 987 ΚυΕΠΝ.

310 1015 378 1061 -τό
395 1020 436 1060 δὲ
453 1017 545 1071 μετ’
564 1017 714 1071 αὐτήν]
751 1018 842 1059 MS.
872 1015 919 1060 τό
940 1017 982 1059 δὲ
998 1016 1091 1068 περὶ
1116 1010 1157 1056 ά.
1185 1034 1229 1058 π.
1259 1016 1391 1057 que.

329 1072 551 1128 στομάχου]
598 1076 756 1114 Iterum
797 1073 963 1113 auctius
1007 1072 1104 1112 MS.
1147 1069 1348 1126 στομάχου
1384 1072 1454 1114 καῖ
1489 1067 1662 1126 βρόγχου

222 1132 510 1186 προκείμενον,
547 1147 590 1183 φ.
621 1147 657 1172 κ.
687 1127 945 1184 φᾱρύγεθρον
976 1126 1013 1171 0’.
1044 1137 1086 1167 et
1112 1128 1223 1166 infra
1252 1142 1381 1182 segm.
1407 1125 1537 1165 huius
1560 1126 1662 1166 libri

224 1201 318 1238 207.
347 1184 625 1241 φαρύγεθρον,
656 1185 797 1225 sedin
821 1184 913 1226 MS.
948 1184 1135 1223 auctiore
1158 1183 1235 1225 ibi.
1267 1197 1373 1237 quae
1387 1196 1491 1233 vox,
1522 1181 1660 1230 credo,

223 1243 349 1283 etiam
368 1242 480 1296 apud
499 1242 676 1295 Hesyclz.
706 1238 988 1287 restituenda,
1020 1239 1094 1277 ubi
1114 1247 1175 1278 est
1197 1237 1488 1292 Φαρύγαθρον,
1517 1239 1542 1281 0⁸
1561 1236 1665 1280 κατά

222 1297 272 1340 τοὶ
302 1302 533 1353 παρίσθμια
556 1298 692 1347 τόπος.
750 1295 824 1340 Sic
852 1294 1052 1335 scribitur
1089 1293 1216 1333 etiam
1244 1294 1359 1348 apud
1383 1295 1580 1334 Eustath.
1611 1293 1664 1332 ad

224 1353 388 1398 Ὀδυσσ.
420 1369 454 1396 1.
483 1355 530 1393 in
551 1353 624 1394 illa

711 1405 884 1464 φάρυγος
913 1404 956 1449 δ’
982 1406 1166 1457 ἐξέσσυτο
1195 1405 1312 1454 οἶνος.

226 1466 457 1521 Sequentia
485 1464 792 1506 continuantur
820 1479 913 1504 cum
943 1461 1316 1517 praecedentibus,
1344 1460 1437 1500 sine
1469 1460 1598 1501 titulo
1617 1460 1664 1499 in

225 1524 324 1564 MS.
354 1523 438 1562 ita:
471 1517 531 1564 Τά
553 1522 596 1563 δὲ
613 1522 657 1563 ἐκ
677 1522 746 1563 τοῦ
767 1517 964 1574 στόματος
984 1513 1175 1572 ὀνόματα,
1209 1517 1317 1562 εὕστ,
1373 1517 1496 1558 IUNG.

338 1583 567 1645 στομάχου]
611 1589 747 1644 Auget
775 1587 926 1628 iterum
952 1587 1166 1624 Pollucem
1197 1584 1552 1637 Falckenburgius
1582 1599 1666 1626 no-

225 1655 321 1687 ster.
379 1647 446 1686 Ita
472 1646 582 1686 enim
597 1643 751 1694 habet,
781 1639 983 1697 στομάχου
999 1644 1066 1683 καὶ
1084 1638 1260 1695 βρόγχου
1283 1639 1560 1697 ὑπερκείμενον
1585 1651 1665 1681 ete.

335 1769 486 1824 ἵππος]
524 1769 682 1809 Iterum
713 1769 864 1808 vocula
891 1764 1058 1805 auctius
1087 1763 1456 1817 Falckenburgius‚
1485 1765 1608 1814 ’ἵππος
1625 1781 1666 1807 τε

227 1827 295 1868 καὶ
314 1822 436 1875 αὐλός
454 1834 535 1866 etc.

335 1880 536 1934 ἄστομος]
564 1877 674 1921 Vide
701 1892 828 1932 supra
845 1877 882 1928 1,
916 1890 1007 1933 197.
1066 1876 1248 1918 Kumm.
1490 1913 1492 1915 ,

336 1940 406 1979 καὶ
429 1934 578 1989 αὐλός]
617 1934 656 1973 Α
674 1936 742 1977 καῖ
758 1933 880 1983 αὐλός
902 1946 1035 1989 usque
1055 1931 1110 1972 ad
1130 1933 1272 1986 λιμένα
1292 1930 1446 1973 desunt
1466 1930 1511 1970 in
1533 1929 1583 1974 C.
1611 1931 1666 1974 A.

227 1996 416 2036 liuh-HN.

338 2050 405 2092 καὶ
430 2044 576 2098 αὖλός]
606 2047 781 2087 Desunt
808 2046 856 2085 in
883 2045 979 2087 MS.
1011 2047 1080 2090 καῖ
1105 2039 1226 2093 αὐλός
1256 2044 1321 2092 (ut
1339 2050 1382 2082 et
1400 2041 1513 2082 infra
1537 2057 1667 2098 segm.

227 2106 357 2144 huius
375 2103 476 2143 libri
510 2101 598 2144 108.
626 2102 677 2142 de
698 2101 837 2156 tibia)
866 2115 1001 2155 usque
1027 2100 1079 2140 ad
1099 2100 1298 2154 ‘'Owwoc·
1330 2106 1373 2138 et
1403 2100 1500 2137 loco
1524 2113 1667 2138 eorum

228 2172 291 2200 est
311 2163 379 2202 καῖ
398 2157 446 2201 τοὶ
466 2153 598 2212 ῧμοια.
633 2158 847 2209 Sophoclis
867 2159 1007 2196 locum
1043 2155 1150 2196 Oed.
1183 2156 1337 2196 Colon.
1366 2166 1456 2192 esse
1479 2152 1670 2192 indicant

230 2218 389 2256 Comm.
426 2215 496 2254 avi
538 2228 629 2267 cap.
660 2212 753 2267 295.
783 2211 860 2251 ubi
898 2211 1002 2252 haec
1041 2211 1281 2264 explicant:
1323 2216 1365 2248 et
1390 2209 1578 2250 Nunnes.
1616 2208 1670 2248 ad

229 2271 454 2325 Plzrynich.
506 2271 653 2325 Eclog.
690 2269 749 2312 II.
778 2268 825 2307 in
866 2265 1087 2322 εὐστομεῖν.
1127 2264 1229 2307 vide
1268 2273 1311 2304 et
1354 2262 1467 2302 infra
1507 2264 1569 2314 V,
1602 2275 1669 2320 90.

229 2330 449 2370 IUNGERM.

330 2375 541 2438 ’Όμηρος]
581 2382 755 2420 Homeri
788 2383 883 2419 loca
908 2378 980 2421 Ἰλ.
1009 2395 1045 2420 κ.
1074 2386 1117 2416 et
1145 2395 1181 2419 τ.
1211 2373 1349 2414 adfert
1381 2388 1482 2413 avus
1507 2375 1667 2414 Comm.

231 2455 324 2493 cap.
357 2440 449 2495 295.
481 2438 575 2483 MS.
606 2436 734 2476 habet
751 2436 920 2475 inverso
943 2435 1130 2482 κέκληκεν
1149 2425 1291 2484 στόμα.
1348 2430 1476 2469 IUNG.

342 2505 516 2557 πολέμου
538 2502 691 2556 στόμα]
725 2503 853 2541 Iliad.
884 2521 922 2553 κ,
956 2502 996 2542 ὅ.
1029 2500 1226 2538 nimirum
1253 2497 1350 2549 quia
1375 2495 1545 2551 πόλεμος
1564 2495 1670 2538 πάν-

231 2581 305 2606 των
334 2560 613 2612 δαπανηιικός,
646 2569 694 2598 ut
715 2559 857 2612 inquit
881 2559 1015 2599 Auth.
1052 2556 1157 2594 brev.
1189 2553 1323 2594 Sclwl.
1356 2553 1400 2590 in
1420 2567 1541 2607 quem
1572 2568 1671 2592 sen..
