1670 2938
175 75 261 117 760
778 74 856 116 IV.
920 78 1013 120 104.

181 193 359 241 utraque
387 183 479 225 eius
514 186 758 228 coniectura
787 189 894 229 falsa
918 196 995 230 est.
1034 188 1127 230 MS.
1169 189 1281 231 enim
1312 190 1396 233 ita:
1425 190 1491 235 ὕπ’
1522 193 1635 236 2?va-

181 240 284 294 πρός
313 259 349 283 τ.
381 240 417 283 ὅ.
459 243 642 296 optime,
672 259 751 286 nec
783 245 873 285 scio
905 245 1049 299 ipsum<
1073 246 1351 300 Stephanum,
1389 249 1426 287 si
1459 249 1636 301 viveret,

182 306 447 353 negaturum.
507 300 610 338 Tam
636 315 762 356 saepe
794 301 921 342 etiam
948 302 1102 340 fallunt
1129 304 1464 356 speciosissimae
1489 305 1637 345 conie-

182 353 418 405 crationes,
448 354 486 393 si
517 355 654 396 codex
682 357 818 397 bonus
847 357 968 398 absit.
1018 356 1117 399 vide
1143 373 1240 399 vero
1273 359 1326 399 de
1355 371 1528 415 captura
1559 362 1637 402 Oti

182 410 444 449 Athenaeum
470 411 544 451 lib.
566 413 645 454 IX.
678 413 752 453 ubi
772 414 833 453 ait
852 414 963 454 idem
994 415 1135 455 facere
1157 429 1318 471 scopas.
1347 418 1416 460 καὶ
1439 416 1517 474 γάρ
1549 415 1635 461 τού-

182 482 274 516 τους
290 465 459 522 ὀρχήσει
481 465 597 524 λόγος
627 465 882 514 ιὶλίσκεσθαι.
943 470 1064 513 IuNe.

294 534 365 577 ’ὕπ’
382 532 605 587 ἐκπλήξεως
626 535 702 589 τήν
722 538 889 592 ὄρχησιν
910 538 1006 594 ἄλη]
1048 535 1151 594 πρός
1169 537 1408 580 addi-dimus
1428 554 1482 582 ex
1498 541 1637 581 Kueli-

184 593 252 631 ηἰί
268 591 423 633 Nostri
446 593 609 635 Codice
633 605 677 636 et
696 595 883 638 MSStis.

294 716 320 758 ὅ
339 717 381 759 δὲ
400 716 526 772 λέων]
573 719 642 758 Ex
668 718 749 760 hac
777 665 1000 760 saltalttiffne
1032 728 1075 759 et
1106 718 1379 760 Pithaleonta
1405 719 1519 774 apud
1538 722 1640 760 Ho-

186 780 268 812 rat.
302 773 337 816 I.
376 775 505 815 Serm.
541 788 604 818 10.
645 786 821 816 conatur
849 775 1120 829 interpretari
1147 775 1259 816 inter
1287 776 1367 816 alia
1409 776 1639 831 Cruquiua:

187 829 303 886 quod
322 830 430 869 mihi
452 830 619 872 videtur
645 836 772 888 longe
795 832 923 871 nimis
954 831 1148 886 petitum.
1207 831 1336 873 Iuno.

299 898 521 941 Λακωνικά
541 895 626 955 ὄρχ.
649 902 761 954 etc.]
800 900 898 942 MS.
931 897 1151 942 Λακωνικά
1170 897 1258 954 ὄρχ.
1283 900 1501 953 διαμαλεάς
1519 902 1640 952 ztan-

185 970 251 997 νοι
271 965 351 996 etc.
379 955 606 996 Invenitur
628 958 792 998 scilicet
809 961 979 1009 Σιληνοὶ
1001 966 1043 996 et
1063 958 1248 1006 Σειληνοὶ
1268 956 1313 995 in
1337 955 1470 1001 libris.
1509 956 1639 1003 Imm.

297 1023 523 1065 Λακωνικοὶ
543 1019 627 1079 ὄρχ.
648 1028 754 1079 etc.]
803 1027 908 1066 Post
929 1022 1138 1082 ὀρχήματα
1158 1024 1306 1078 posuit
1320 1022 1640 1065 distinctionem

188 1077 393 1118 minorem
415 1081 632 1119 Kuelmms
659 1083 824 1125 Noster.
972 1099 975 1101 ·

279 1137 515 1189 ’ὃειμαλέα]
586 1140 710 1180 MSS.
749 1137 818 1182 ὃιοέ
847 1137 1004 1194 μελέας.
1044 1138 1175 1192 Bapt.
1208 1137 1320 1192 Egn,
1362 1136 1473 1176 nihil
1505 1146 1642 1178 mutat

188 1193 272 1231 loc.
308 1192 396 1232 ind.
457 1195 556 1233 Snn.

299 1250 517 1303 δειμαλεόι]
571 1251 619 1292 C.
643 1251 693 1291 V.
724 1252 953 1305 διαμαλὲας,
990 1249 1164 1301 Interpr.
1193 1249 1351 1303 accipit
1370 1263 1446 1303 pro
1467 1249 1641 1290 nomine

188 1305 379 1357 proprio,
410 1307 616 1346 Demalea
648 1318 830 1357 vertens,
863 1316 1002 1346 tactus
1038 1304 1091 1343 ob
1123 1304 1207 1343 hoc
1233 1305 1372 1358 ipsum
1402 1319 1424 1343 a
1457 1307 1640 1344 Mem-sio

191 1360 238 1398 in
273 1363 531 1413 Laconicis,
573 1365 647 1418 qui
683 1364 835 1410 vertit,
876 1364 1120 1402 saltationes
1152 1359 1446 1414 formidabiles.
1493 1361 1640 1402 MSSti

189 1419 319 1467 clare,
351 1421 592 1472 διαμαλεάς,
635 1421 749 1474 quod
776 1424 841 1461 vel
877 1420 1014 1472 ipsum
1046 1432 1200 1456 nomen
1226 1428 1288 1457 est
1315 1417 1567 1456 saltationis.
1615 1431 1639 1455 a

187 1475 367 1526 μαλλοῖς,
393 1478 493 1527 pilis
513 1477 774 1531 Satyrorum,
801 1480 870 1516 vel
889 1475 1107 1514 minimum
1133 1472 1256 1513 debet
1277 1487 1379 1525 esse,
1402 1482 1451 1511 ut
1470 1476 1640 1527 ἴθυμβοι

189 1539 232 1570 et
250 1529 500 1584 καρυοῖτιδες.
530 1536 748 1587 exsculpat
767 1533 866 1574 inde
888 1530 1006 1571 aliud
1038 1529 1187 1569 melius
1211 1530 1453 1584 quicunque
1485 1541 1639 1583 potue-

187 1586 258 1627 rit.
291 1587 479 1629 Salmas.
521 1590 642 1629 affert
672 1591 900 1630 lectionem
928 1602 981 1627 ex
1008 1586 1057 1627 C.
1087 1587 1137 1628 P.
1176 1585 1350 1626 eandem
1385 1600 1480 1625 cum
1504 1586 1640 1626 Seberi

186 1644 386 1687 lectione.
445 1647 622 1688 Humm.

297 1703 511 1756 ὃειμαλεόι]
581 1702 647 1742 Ad
676 1702 897 1755 ὁιαμαλεάς
938 1703 1071 1750 (solet
1106 1698 1219 1740 enim
1249 1698 1344 1738 MS.
1394 1697 1640 1738 huiusmodi

185 1771 272 1796 una
301 1756 491 1800 dictione
519 1759 803 1813 perscribere)
842 1757 958 1813 quod
991 1757 1168 1806 attinet,
1200 1753 1527 1795 considerabunt
1556 1755 1639 1794 viri

188 1811 322 1865 docti,
353 1830 406 1854 an
433 1817 644 1868 peculiare
673 1813 1114 1855 Lacedaemoniorum
1141 1809 1380 1866 ὀρχημάτων
1407 1825 1540 1865 genus
1568 1811 1639 1850 hic

185 1872 332 1912 lateat.
391 1872 486 1927 Ego
506 1874 660 1925 μαλεάν
680 1872 770 1911 scio
796 1870 983 1926 quidem,
1013 1868 1260 1923 α’κρωτήριον
1285 1872 1359 1918 τῆς
1375 1868 1638 1918 Λακωνικῆς,

186 1939 266 1965 nec
286 1925 390 1981 quid
407 1939 637 1982 praeterea.
695 1929 822 1970 Imm.

297 1982 356 2024 ἐπ’
387 1982 523 2033 αὐτοῖς
553 1983 758 2039 Σάτυροι]
822 1983 989 2033 Μὸὃίί,
1030 1980 1097 2024 ὑπ’
1121 1981 1271 2031 αὐτοῖς.
1301 1981 1444 2030 Sc'leni,
1473 1989 1516 2021 et
1544 1994 1638 2019 cum

186 2038 272 2077 illis
291 2040 432 2092 Satyri
454 2041 649 2092 fuerunt,
700 2042 775 2094 qui
805 2039 1071 2093 διαμαλλεάν,
1102 2043 1170 2080 vel
1202 2053 1295 2078 cum
1320 2051 1409 2076 uno
1443 2042 1466 2079 λ
1495 2039 1638 2090 διαμα·

185 2095 280 2138 λίαν
310 2096 464 2134 cursim
494 2100 711 2138 saltarum.
769 2098 950 2136 Kumm.

293 2149 359 2195 ’ἔπ’
378 2150 516 2202 αὐτοῖς
532 2151 734 2208 Σάτυροι]
789 2154 884 2192 MS.
911 2153 982 2195 καὶ
1004 2150 1072 2194 v‘rt’
1090 2147 1179 2193 αὗτ.
1236 2150 1369 2190 qua-

296 2220 366 2263 καὶ
382 2221 581 2276 ἴθυμβοι]
632 2224 701 2263 uo?
723 2221 839 2259 abest
861 2235 882 2258 a
913 2220 962 2260 C.
990 2219 1040 2259 A.
1099 2219 1272 2259 KUEHN.

296 2278 367 2332 aa}
388 2279 588 2332 ἴθὐμβοι]
637 2278 728 2318 MS.
766 2273 953 2331 ἰθιῗμβοι.
1010 2277 1139 2319 IUNG.

295 2347 546 2399 καριατίδες]
602 2346 689 2386 Ser.
730 2346 997 2396 Καρυατίδες.
1058 2342 1174 2397 Quid
1212 2342 1302 2381 sint
1337 2340 1383 2378 in
1410 2339 1637 2392 Plutarcho

185 2396 438 2454 Carya‘tides
467 2406 667 2442 saltantes
701 2399 826 2440 docet
859 2401 947 2439 Iac.
983 2401 1082 2439 Nic.
1120 2400 1295 2438 Loansis
1334 2395 1534 2450 Epiphil.
1556 2396 1635 2446 IV,

190 2457 253 2498 15.
289 2455 510 2499 Summus.
578 2463 580 2467 ’
1533 2473 1536 2476 ’

297 2517 544 2568 καριατίὸες]
595 2513 743 2554 MSSti
778 2515 1019 2565 Καριάνϋες.
1049 2510 1263 2564 vulgatior
1289 2508 1419 2550 lectio
1451 2518 1512 2546 est
1545 2513 1636 2549 Ka-

182 2573 405 2624 ρυαντίδες.
436 2568 569 2617 Salm,
602 2586 655 2612 ex
674 2572 804 2610 altero
837 2571 886 2609 C.
909 2570 1041 2608 MSto
1077 2568 1316 2620 Καριάνδες.
1369 2566 1549 2606 Humm,
