1670 2938
174 76 256 121 574
797 75 880 115 III.
937 79 1002 120 85.

176 189 300 228 fenus
326 187 555 230 nauticum.
612 186 730 227 Infra
750 186 916 241 quidem
951 188 1034 237 III,
1071 188 1161 230 115.
1189 190 1314 231 etiam
1340 198 1401 232 est
1423 190 1609 239 δανείζων

175 244 293 298 ἑγγυα
321 246 582 297 δανείσματα,
619 241 809 293 ναυτικάς
834 241 1026 294 ἐκδόσεις.
1054 245 1127 285 ubi
1160 255 1298 285 tamen
1327 246 1419 287 MS.
1451 245 1608 298 deficit,

175 312 218 340 et
240 299 461 355 legendum
482 298 641 352 pariter
673 298 803 354 ἔγγειοι
834 299 1018 343 adfirmo.
1050 302 1395 355 quemadmodum
1426 311 1468 342 et
1495 302 1609 341 infe—

174 357 262 396 rius
283 370 334 395 ex
354 356 618 393 Demosthene
647 355 708 394 ibi
730 355 912 395 docebo:
938 356 992 406 X,
1028 368 1088 397 10.
1119 357 1265 411 ἔγγειος
1292 359 1440 408 κτῆσις.
1470 359 1610 410 Phry-

175 413 287 451 nich.
306 412 453 464 Eulog.
483 423 521 451 2.
552 410 621 454 ἕπῖ
639 411 678 453 δὲ
695 416 768 453 τοῦ
782 414 826 454 ἐν
853 415 902 470 τῇ
925 413 986 469 γῇ,
1015 413 1099 455 οἷον
1124 415 1274 468 ἔγγειον
1301 411 1379 469 χρή
1407 411 1541 467 κτῆμα
1572 416 1612 455 εἴ

173 485 235 516 τις
252 468 393 522 χρῷτο,
413 468 558 521 ἄριστα
576 464 628 508 ἂν
645 467 836 522 χρήσαιτο
848 481 857 492 ’
886 467 941 516 οἷς
959 470 1024 510 καὶ
1040 471 1297 523 Δημοσθένης
1321 471 1470 523 ἔγγειον
1488 469 1609 513 τόκον

173 527 288 579 λέγει.
318 523 393 562 ubi
419 533 461 562 et
488 523 624 563 Notas
658 525 866 563 Nunnesii
895 534 1017 578 potes
1048 525 1218 566 addere:
1249 526 1376 575 VIII,
1413 527 1501 568 141.
1541 535 1607 564 eet

173 582 380 633 δάνεισμα,
407 581 695 634 χρεωφείλημα,
724 579 872 634 ἔγγυον,
903 579 1104 623 ναυτικόν.
1162 581 1243 621 Sed
1258 580 1357 624 MS.
1385 591 1428 622 et
1447 581 1510 620 ibi
1531 583 1607 624 λεί·

172 653 255 732 ἕω,
286 636 331 674 in
345 650 447 732 Iquo
476 636 575 675 alias
604 637 715 676 forte
742 637 898 690 pariter
927 635 1075 692 ἔγγειον
1100 637 1358 687 haberemus,
1389 647 1440 677 ut
1459 640 1608 692 legen«-

207 707 287 735 um.
372 704 473 734 UNG.

283 758 426 814 ἔγγυα,
458 757 573 814 dam]
622 757 798 800 Salmas.
835 769 878 800 et
905 759 952 803 C.
988 759 1040 802 V.
1074 751 1203 816 ἔγγειοι
1229 761 1473 816 δανείσματα
1501 778 1606 806 ναυ-

171 814 275 861 τικά.
331 816 504 858 Kumut.

282 883 445 937 ὅφλειν]
495 883 544 924 Ρ.
583 880 773 936 ὀφείλειν.
831 883 927 926 SEB.

171 1008 210 1048 K
282 951 445 1005 ὅφλειν]
508 949 558 990 C.
589 950 642 991 A.
681 959 724 990 et
755 950 807 994 V.
836 949 1027 1005 ὀφείλειν,
1061 948 1177 1006 quod
1204 959 1248 992 et
1282 951 1465 996 Salmas.
1503 952 1604 1008 egit.

213 1022 440 1125 πιέἓλειν]
499 1059 674 1117 ὀφείλειν
699 1061 794 1106 MS.
823 1075 902 1117 pro
923 1062 1069 1117 ὅφλειν.
1127 1064 1251 1104 Iuno.

284 1185 400 1243 ὅρους
417 1186 550 1240 ἕῳεστ.
567 1184 750 1240 χωρίων]
798 1185 1037 1240 Marginale
1066 1185 1116 1227 C.
1146 1186 1195 1228 A.
1229 1185 1278 1229 C.
1305 1185 1357 1228 V·
1396 1188 1478 1242 leg.
1517 1188 1610 1243 ἔφε-

170 1243 285 1288 votvm
302 1245 453 1298 χωρίω·
489 1256 595 1296 quae
617 1241 747 1280 lectio
771 1250 881 1280 recta
904 1249 976 1289 est,
1011 1241 1136 1281 modo
1163 1241 1219 1282 sit
1240 1240 1470 1298 ἐφεστάναι,
1501 1242 1609 1285 desi-

171 1301 238 1340 nit
255 1307 391 1340 autem
417 1299 646 1351 marginale
663 1296 708 1335 in
734 1295 942 1350 ὖπόβολον.
1000 1297 1178 1339 Kumm.

279 1367 398 1420 ὅρους
418 1367 551 1419 ἑφεστ.
577 1365 766 1419 χωρίων]
809 1363 1160 1418 Falckenburgius
1183 1359 1411 1418 {maozim-

282 1435 455 1490 χωρίων.
483 1433 599 1481 λίθος
616 1428 746 1484 δ’ἧν]
795 1431 892 1472 MS.
921 1432 1067 1486 χωρίῳ.
1095 1432 1211 1480 λίθος
1242 1432 1285 1474 δὲ
1311 1425 1362 1482 ἦν
1381 1441 1461 1472 etc.
1491 1433 1607 1487 quod

170 1491 339 1534 videtur
357 1489 531 1530 omnino
548 1487 797 1542 elegantius.
830 1486 890 1526 sic
915 1497 957 1528 et
974 1502 1073 1527 mox
1093 1490 1249 1544 χωρίον.
1278 1487 1354 1526 ubi
1371 1488 1463 1530 MS.
1495 1504 1608 1529 men-

171 1549 273 1588 dose
302 1546 348 1597 ὂς
371 1560 447 1599 pro
473 1543 528 1594 αἶς
553 1552 595 1583 et
614 1543 671 1598 τῷ
691 1557 768 1597 pro
789 1541 859 1586 to':
891 1542 974 1584 hoc
995 1554 1132 1584 tamen
1155 1558 1241 1584 non
1265 1546 1371 1583 male
1390 1544 1510 1598 quod
1526 1559 1609 1584 au-

169 1605 280 1646 ctius
308 1603 459 1643 habet:
485 1601 629 1656 ὕποχρ.
656 1603 734 1642 τινί
761 1617 794 1642 τ.
825 1616 863 1654 χ.
904 1599 1001 1640 vide
1041 1610 1230 1640 nostrum
1259 1609 1301 1639 et
1323 1600 1435 1639 iufra
1459 1600 1538 1652 IX,
1568 1615 1607 1657 9.

169 1660 271 1701 vide
289 1671 388 1700 vero
409 1657 459 1699 de
479 1657 562 1697 hoc
580 1670 694 1696 more
714 1652 988 1710 subsignandi
1007 1654 1193 1710 praedia,
1222 1665 1265 1695 et
1291 1654 1341 1696 de
1365 1654 1505 1710 lapide
1530 1657 1607 1697 lit.

168 1726 303 1757 terato
332 1715 417 1755 isto
447 1713 638 1753 Doctiss.
675 1712 749 1751 IC.
789 1712 886 1752 Gal.
916 1713 1085 1752 Forner.
1122 1711 1158 1752 I.
1197 1710 1423 1752 Selection.
1454 1710 1520 1753 24.
1564 1723 1608 1754 et

169 1773 207 1813 l.
235 1775 391 1812 Meurs.
426 1769 507 1810 111.
551 1767 827 1808 animadvers.
871 1768 1046 1809 miscell.
1078 1779 1143 1808 21.
1182 1766 1256 1806 ubi
1287 1766 1403 1821 quod
1431 1765 1605 1811 doctiss.

169 1829 337 1868 Iuvenis
361 1825 505 1867 eodem
526 1823 657 1864 trahit
679 1837 701 1863 e
726 1825 998 1876 Theophrasti
1016 1822 1324 1863 characteribus
1343 1825 1497 1870 locum.
1518 1838 1605 1864 cras

169 1883 309 1933 credo,
339 1881 470 1922 hodie
493 1879 625 1919 nihil:
656 1887 698 1918 et
718 1878 972 1920 audiendum
994 1879 1138 1934 potius
1158 1879 1218 1918 ibi
1238 1880 1304 1922 τόν
1321 1876 1425 1921 πάνυ
1450 1879 1606 1918 Canau-

169 1940 332 1978 bonum.
391 1939 536 1977 Placet
552 1935 597 1974 in
620 1934 687 1973 his
705 1945 747 1975 et
765 1936 1012 1988 Hesychium
1039 1935 1275 1983 restituere,
1307 1933 1421 1988 quod
1440 1934 1489 1973 ab
1509 1935 1604 1974 aliis

167 1995 356 2035 nondum
373 1994 530 2032 factum
552 2000 675 2045 puto,
714 1992 895 2047 Legitur
915 1991 1027 2045 apud
1046 1990 1184 2045 ipsum
1203 1993 1379 2044 σιιγνοίη
1398 1988 1607 2045 ιόχωρίον.

167 2053 289 2106 Lego
321 2063 416 2104 ego,
452 2049 615 2102 στιγοίη.
674 2046 792 2086 Idem
818 2049 1001 2101 optimus
1027 2047 1328 2103 glossaturam:
1358 2048 1605 2100 ἐστιγμένην,

168 2110 301 2150 οἰκίαν
325 2105 585 2155 ὕποκειμένην
619 2101 850 2159 χρεώσταις.
904 2103 1026 2145 Addo
1066 2112 1108 2142 et
1150 2101 1264 2140 hunc
1294 2100 1425 2154 ipsiu·
1451 2104 1603 2153 locum,

168 2161 283 2220 quod
300 2160 429 2201 iidem
451 2159 516 2199 illi
539 2173 642 2211 non,
673 2168 794 2213 puto,
821 2162 1076 2199 attulerunt=
1104 2154 1306 2204 ἄστικτον.
1334 2155 1382 2200 τό
1398 2155 1605 2211 ἀνέπαφον

167 2221 329 2275 χωρίον,
356 2215 401 2259 τὸ
418 2215 493 2271 γᾰρ
519 2215 785 2268 αἶποκείμενον
814 2218 1001 2271 ἐστίχθαι
1023 2214 1185 2268 ἐλέγετο.
1241 2212 1400 2252 Mirum
1427 2227 1528 2254 vero
1558 2215 1604 2254 ni

168 2274 412 2316 inveniatur
439 2281 482 2313 et
509 2269 666 2314 στικτόν
692 2273 856 2328 χωρίον,
889 2270 1005 2326 quod
1034 2270 1104 2324 ini,
1124 2268 1296 2323 ᾰστίκτῳ
1327 2282 1602 2323 opponamus,

168 2334 227 2372 H.
246 2330 388 2383 Steph,
417 2341 516 2368 saue
546 2327 593 2366 in
624 2326 750 2367 Thes.
778 2341 855 2367 suo
886 2328 965 2366 sub
1001 2325 1182 2374 ἄστικτος
1211 2324 1272 2364 ait
1305 2323 1408 2364 huie
1439 2326 1603 2379 opponi

169 2384 331 2431 στικτὸν
355 2386 511 2440 χωρίον,
538 2398 613 2424 seu
637 2382 856 2437 ὑπόχρεων.
887 2397 974 2423 non
1002 2391 1139 2422 tamen
1167 2383 1405 2434 exemplum
1427 2380 1472 2419 in
1494 2381 1603 2420 hauc

168 2458 255 2483 rem
270 2442 420 2482 adfert.
477 2441 640 2480 Locum
662 2439 776 2479 hune
794 2439 894 2478 alias
918 2438 969 2479 de
989 2440 1095 2490 λίθῳ
1115 2436 1142 2486 ἢ
1160 2431 1283 2491 στήλῃ
1311 2435 1447 2476 adfert
1475 2436 1601 2477 etiam

175 2499 374 2539 Lai-sinus
390 2498 426 2537 Ι.
447 2497 611 2550 Paret-g.
643 2494 680 2537 5.
710 2494 782 2536 sed
803 2509 962 2550 parum,
994 2493 1041 2532 ni
1057 2494 1196 2537 fallor,
1227 2493 1529 2533 convenienter
1550 2491 1604 2531 ad

168 2557 358 2607 στηλίτην
383 2554 636 2604 Aristotelia,
663 2565 787 2607 quem
819 2551 882 2590 ibi
906 2549 1106 2605 explicat,
1138 2548 1257 2605 quasi
1277 2551 1396 2588 locus
1417 2549 1604 2587 Pollucis
