1690 2944
198 57 280 98 346
819 53 877 93 II.
936 55 1002 100 58.

308 164 363 214 οἷς
389 161 710 219 Ἀριστοφάνης]
754 165 889 204 Deest
919 165 971 214 οἷς
999 164 1155 221 ’Agna-t.
1185 167 1231 206 in
1259 168 1353 211 MS.
1411 167 1545 211 Ivmz.

305 230 565 283 α’νυπόπτως]
624 233 705 270 Pro
741 226 1002 282 οἷνυπᾶπτως,
1043 235 1137 275 MS.
1183 233 1422 284 α’νυπόπτος.
1457 236 1629 276 'scilicet

195 287 457 328 scribendum
481 285 718 336 ἀνύποπτος.
765 287 834 327 Sic
858 288 1034 328 inferius
1051 286 1224 332 ὕπόπτοι
1244 291 1442 332 mendose
1461 292 1504 330 in
1527 293 1626 333 MS.

195 345 322 384 etiam
346 353 443 382 erat.
486 345 670 397 Xenoph.
702 343 750 385 V.
781 344 917 396 Cyrop.
949 348 1058 398 εἴπερ
1083 344 1302 396 ἀνύποπτος
1326 346 1392 396 οἷν,
1421 357 1464 387 et
1485 348 1626 387 statim

192 398 562 448 α’νυποπτότατος“
533 417 584 440 αν
612 416 696 449 ειη,
730 398 781 438 de
812 399 984 439 Gadata
1010 402 1219 443 eunucho.
1277 403 1410 444 Iunc..

304 465 623 521 καχυπονόητος]
687 467 947 506 Camerarius
966 468 1127 507 omittit
1154 469 1262 509 hanc
1281 484 1438 521 vocem,
1467 479 1510 511 et
1534 470 1624 510 eius

193 525 238 562 in
275 525 412 562 locum
441 522 662 562 substituit
696 519 950 592 καχύποπτος
986 524 1034 562 de
1065 539 1142 577 quo
1181 535 1242 563 est
1281 527 1394 565 mala
1432 529 1623 578 suspicio.

191 581 321 618 ,Plato
339 579 540 629 Phaedro,
571 577 843 632 καχυπόπτους
863 577 1058 631 φύλακας.
1117 579 1198 619 Sed
1219 589 1261 620 et
1282 581 1420 621 active
1443 581 1487 621 id
1513 581 1624 653 leg}-

192 645 274 674 tur.
304 636 482 674 Ariston.
512 635 724 676 Rhet.11.
756 635 894 687 capite
924 635 1238 678 decimotertio.
1266 635 1519 692 καχύποπτοί
1543 641 1624 680 εἰσι

191 687 258 734 δια
275 709 347 742 την
366 690 567 733 ἀπιστίαν.
598 693 717 732 Plat.
749 690 800 730 de
823 691 930 744 Rep.
952 692 1033 731 ΙΙΙ.
1089 692 1188 731 SEB.

297 756 619 813 καχυπονόητος]
652 756 767 812 Quid
789 757 895 796 illud
910 755 1199 812 καχυπονόητος
1216 758 1317 799 hie
1305 768 1417 798 inter
1436 758 1623 800 derivata

189 816 240 856 ab
267 815 460 868 ὅπτομαι·
502 829 554 854 an
582 814 704 855 debet
729 813 828 852 addi
863 815 1004 854 statim
1036 827 1134 870 post
1161 812 1470 871 Ἀριστοφάνης,
1503 815 1620 869 quod

188 871 449 939 praecessit?
488 881 536 909 ut
564 870 678 925 quod
712 870 783 909 ille
807 869 1058 924 καχύποπτος
1081 852 1250 921 dixerit,
1280 873 1407 910 Plato
1438 888 1623 926 καχυπο-

188 926 338 977 -ιόητος,
398 927 530 980 Atqui
564 941 615 966 ex
652 929 833 965 Platone
863 941 1033 981 quoque
1061 927 1167 966 illud
1198 930 1367 967 alterum
1400 927 1617 966 adferunt.

188 994 236 1023 ut
256 985 301 1022 in
325 984 515 1022 Phaedro
537 986 662 1057 *flego
694 980 874 1035 φύλακάς
898 999 938 1024 τε
964 983 1015 1034 <321⁸
1037 981 1312 1036 καχυπόπτους
1337 984 1621 1036 φυλαττομένῳ

189 1038 258 1082 δια
288 1037 451 1111 navaie,
482 1042 549 1080 καῖ
578 1055 679 1091 προς
708 1038 901 1086 ἅπαντας.
935 1041 1016 1078 Et
1047 1040 1127 1081 III
1157 1039 1207 1079 de
1234 1040 1343 1107 Rep.
1375 1038 1399 1081 ὅ
1421 1041 1461 1082 δὲ
1492 1037 1620 1086 ὃεινδς

186 1098 333 1145 ἐκεῖνος
350 1097 415 1137 καὶ
433 1092 694 1147 καχύποπτος,
727 1094 749 1136 o‘
771 1094 898 1136 πολλά
917 1094 1040 1143 αὐτος
1068 1093 1277 1146 ηδικηκως,
1305 1096 1370 1140 καὶ
1397 1093 1619 1150 πανοῦργός

184 1170 227 1194 τε
248 1153 315 1195 καὶ
334 1149 460 1205 σοφός
480 1149 656 1203 οιόμενος
678 1151 791 1193 εἶναι.
849 1153 911 1190 An
935 1151 995 1189 ibi
1017 1152 1278 1201 καθύποπτος
1296 1165 1382 1192 non
1410 1151 1618 1206 corrigen-

185 1209 296 1258 dum,
325 1207 396 1246 hie
422 1221 521 1246 vero
550 1206 796 1260 καχύποπτος
823 1206 1078 1261 legendum?
1135 1208 1264 1248 Imm.

292 1277 358 1318 καὶ
377 1274 503 1316 ἅοπτα
523 1273 577 1323 αἶς
599 1273 717 1328 ’Λρ.]
749 1275 919 1314 Desunt
940 1274 985 1313 in
1003 1274 1098 1314 MS.
1130 1277 1200 1317 καὶ
1218 1275 1257 1315 ἅ.
1278 1274 1332 1325 αἷς
1349 1270 1413 1317 A.
1423 1289 1500 1330 pro
1524 1274 1616 1330 qui.

182 1332 261 1373 bus
290 1334 357 1375 καὶ
385 1330 433 1374 zo?
461 1331 595 1386 ὅμοια.
650 1331 776 1372 IuNG.

291 1458 360 1499 καὶ
381 1454 648 1509 οἷπερίοπτον]
702 1453 796 1493 MS.
827 1452 1062 1505 ἀπερίοπτοι
1091 1455 1334 1507 pluraliter,
1373 1452 1614 1495 rectissime.

184 1513 254 1552 Sic
281 1512 391 1553 enim
427 1512 606 1563 ZVzucyd.
646 1510 720 1552 lib.
752 1511 785 1552 Ι.
816 1510 860 1548 in
895 1509 1214 1551 Corinthiorum
1246 1509 1438 1550 oratione
1468 1519 1615 1548 contra

183 1570 320 1622 Corcy
325 1582 462 1610 raeos.
495 1586 573 1610 των
591 1563 773 1610 οἷπαντων
789 1562 1038 1620 απερίοπτοι,
1053 1574 1185 1605 cetera
1202 1568 1450 1620 negligentes
1462 1567 1611 1604 omnia.

179 1625 407 1666 IUNGERM,

291 1683 360 1723 καῖ
386 1675 616 1746 πρόσοψιν]
667 1679 838 1717 Desunt
865 1679 934 1719 καὶ
960 1674 1158 1730 πρόοψιν,
1196 1687 1238 1716 et
1274 1677 1341 1719 καὶ
1369 1675 1541 1730 ἔποψιν,
1570 1685 1612 1716 et

179 1737 316 1788 ‘Hoocz
341 1739 374 1778 ὃ.
399 1753 436 1777 κ.
460 1753 496 1776 α
516 1733 716 1790 πρόσοψιν
739 1733 784 1771 in
802 1733 894 1775 MS.
923 1734 1122 1772 Phormio
1142 1732 1612 1773 classisAtheniensium

177 1793 410 1860 Imperator
444 1791 556 1843 apud
584 1790 1068 1857 Tlmeyd,1ib.11.0131.s
1094 1807 1169 1845 γαρ
1200 1788 1248 1830 οἲν
1275 1786 1527 1831 ἐπιπλεύσειέ
1552 1804 1613 1837 τις
1664 1800 1665 1803 ’

179 1867 234 1897 ως
234 1847 326 1913 ..χρῆ
346 1851 385 1896 ἐς
403 1845 586 1913 ἐμβολην,
616 1864 670 1899 μη
691 1847 792 1899 ἔχων
821 1845 893 1895 τήν
911 1860 1109 1901 προσοψιν
1131 1846 1209 1887 τῶν
1235 1847 1432 1898 πολεμίων
1449 1846 1492 1886 ἐκ
1509 1849 1612 1886 πολ-

178 1902 264 1953 λοῦ,
295 1903 339 1942 id
361 1913 435 1951 est,
463 1901 518 1955 μή
537 1902 640 1954 ὀρῶν
666 1900 756 1950 τούς
780 1905 1000 1955 πολεμίους,
1033 1911 1081 1940 ut
1103 1902 1164 1940 ibi
1186 1901 1355 1942 Scholia
1361 1909 1609 1967 ¹„exponunt-

178 1961 248 2001 Sic
275 1959 348 1998 lib.
370 1959 443 2000 IV.
472 1960 616 2012 Ξυγγρ
644 1957 716 2000 οὐκ
742 1958 863 2008 οὔσης
893 1977 961 2007 της
988 1956 1224 2013 προσόψεως
1247 1956 1275 2012 ᾖ
1303 1953 1403 2012 χρῆν
1429 1953 1611 2005 ἀλληλοις

177 2017 424 2068 ἐπιβοηθεῖν.
454 2015 632 2080 πρόοψιν
659 2013 787 2052 habes
811 2014 922 2068 apud
945 2013 1123 2053 eundem
1146 2013 1217 2053 lib.
1238 2002 1288 2052 V.
1323 2015 1361 2054 εἰ
1379 2010 1453 2066 γάρ
1473 2014 1609 2062 δείξειε

176 2074 260 2121 τοῖς
296 2073 490 2119 ἐναντίοις
528 2068 571 2113 τό
600 2087 640 2112 τε
677 2073 832 2119 πλῆθος
857 2072 926 2111 καῖ
951 2068 1024 2120 τήν
1053 2070 1212 2112 ὅπλισιν
1236 2066 1456 2138 ἀναγκαίαν
1485 2066 1611 2112 οὖσαν

175 2146 254 2170 των
253 2124 367 2195 μεθ’
387 2127 544 2178 ἑαυτου,
575 2125 647 2168 οὐκ
668 2126 716 2167 ὰν
713 2126 859 2194 ηγεῖτο
873 2127 1022 2180 μᾶλλον
1043 2143 1087 2167 π
1079 2125 1327 2191 ριγενεσθαι
1345 2123 1373 2174 ἤ
1394 2125 1486 2166 ἄνευ
1509 2121 1609 2178 πρό-

175 2180 286 2240 ψεῶς
305 2199 344 2226 τε
364 2183 508 2235 αὐτῶν,
538 2186 606 2223 καῖ
623 2200 677 2236 μη
697 2179 777 2223 οἷπο
795 2183 864 2225 τοῦ
882 2183 994 2231 ὄντος
1020 2178 1366 2235 καταφρονήσεως.
1422 2180 1552 2220 IUNG.

285 2247 562 2306 παρόψονται]
612 2250 658 2289 In
676 2247 769 2290 MS.
801 2243 965 2298 desunt,
1001 2259 1153 2303 ηαροψ.
1179 2266 1214 2290 κ.
1244 2265 1288 2288 ω.
1310 2251 1345 2287 1.
1369 2246 1605 2300 περιῶπται-

174 2308 396 2349 IuNGERM.
504 2336 508 2339 -

287 2361 520 2416 περιῶπται
561 2358 849 2413 περίβλεπτος]
913 2360 1009 2398 MS.
1049 2358 1175 2397 habet
1209 2375 1274 2399 και
1303 2360 1514 2409 περίοπτοι
1541 2359 1609 2400 καὶ

174 2421 450 2475 περίβλεπτοι·
482 2417 719 2457 rectissime.
776 2416 843 2452 En
869 2418 1007 2453 locum
1030 2414 1166 2466 ipsum
1195 2415 1410 2463 Isocratis,
1443 2428 1496 2452 ne
1526 2413 1607 2452 du·-

175 2477 299 2528 bites‚
329 2476 375 2514 in
393 2473 659 2524 Archidamo,
688 2473 817 2525 paulo
844 2484 866 2508 a
886 2470 966 2510 fine
985 2470 1177 2523 longius:
1210 2468 1296 2510 οἷντῖ
1313 2471 1384 2521 μὲν
1404 2470 1475 2511 τοῦ
1495 2469 1606 2522 τιμᾶ·

177 2539 295 2581 σθαι,
326 2528 830 2584 καταφρονηθησομὲνους
859 2521 946 2569 αντῖ
976 2527 1022 2568 δέ
1045 2526 1117 2568 τοῦ
1142 2522 1375 2580 περιόπτους
1401 2523 1479 2568 tino*
1507 2523 1606 2568 ποίν-
