1670 2938
156 54 238 96 472
784 51 842 94 ΙΙ.
904 57 997 96 196.

160 162 410 218 suspicatur.
469 160 597 218 Quod
629 161 772 218 itaque
791 161 844 203 ad
869 162 1040 220 ποδάρια
1059 165 1226 216 attinet,
1255 174 1303 205 ut
1335 164 1380 205 id
1403 179 1506 206 avus
1527 179 1600 206 ex-

161 220 308 273 ponit,
334 218 462 260 habes
497 219 657 259 Comm.
699 234 733 260 c.
763 218 857 260 852.
887 237 1027 273 nempe
1051 222 1286 275 pediculos,
1326 222 1375 260 id
1399 231 1461 262 est
1481 224 1602 276 pedes

159 279 362 329 parvulos.
432 274 677 329 Leopardus
708 284 844 318 autem
874 278 931 318 II.
962 277 1138 319 Emend.
1169 291 1207 319 2.
1235 278 1331 331 (ubi
1360 277 1411 319 de
1446 281 1604 327 ποδίοις

162 336 231 372 vel
250 336 381 380 πίλοις
396 334 491 385 περὶ
508 333 590 380 τοῖς
609 333 704 373 noct
731 345 784 371 ex
809 334 937 374 variis
968 336 1158 373 Pollucis
1174 336 1299 387 locis)
1332 337 1533 389 ποδαργιά
1560 349 1604 374 se

162 390 300 442 legere
317 388 388 427 hic
409 388 481 437 ait,
509 402 598 427 non
626 385 810 440 ποδάρια.
869 390 952 430 Pro
978 393 1115 432 ποδεῒα
1139 405 1238 431 vero
1263 391 1391 431 habet
1413 393 1606 442 Leopar-

165 445 244 482 dus
264 442 397 494 πόδιοι,
428 443 543 500 quod
565 452 607 484 et
638 458 692 483 ex
718 444 814 484 aliis
844 446 950 486 locis
970 446 1029 485 ita
1053 446 1169 495 citat,
1199 456 1242 486 et
1272 446 1384 501 apud
1415 458 1605 486 nostrum

165 500 225 538 ita
245 500 356 540 infra
378 501 423 539 in
448 501 542 541 MS.
570 499 671 550 VII,
701 513 765 555 91.
788 510 829 540 et
851 502 907 553 X,
939 502 1006 543 50.
1063 503 1178 543 Male
1207 503 1334 543 etiam
1364 513 1483 543 antea
1505 505 1609 542 vul-

166 555 343 610 gebatur
360 554 472 610 παρα
492 558 575 606 τοῖς
590 559 698 604 ποσῖ,
732 555 848 610 quod
866 567 908 598 et
936 561 1068 599 Henr.
1098 559 1331 610 Stephanus
1357 559 1607 607 adverterat,

164 613 357 666 reposito
389 613 440 652 ad
465 626 577 652 oram
608 614 717 666 περῖ,
748 627 883 669 eoque
913 614 1159 655 confirmato
1187 629 1239 655 ex
1258 617 1370 664 loco,
1398 615 1471 670 qui
1497 614 1609 653 infra

165 667 228 719 X,
261 667 327 711 50.
358 677 400 708 et
423 670 540 722 περῖ,
570 683 657 709 non
687 665 821 724 παρά,
851 671 943 712 MS.
972 680 1116 711 noster
1141 669 1213 710 hic
1234 669 1361 711 habet
1378 672 1530 711 etiam:
1559 680 1610 709 ut

168 733 211 764 et
237 725 480 778 Leopardus
509 727 607 764 loco
640 724 782 776 dicto,
823 736 866 766 et
902 727 1112 767 Turnebus
1139 726 1198 766 11.
1237 725 1396 767 advers.
1431 725 1494 768 14.
1535 726 1611 779 qui

167 782 294 833 plane
316 791 461 821 contra
486 795 534 821 ao
554 782 815 833 Leopardus,
846 797 969 837 quem
987 797 1147 836 semper
1165 778 1287 825 πόδια
1305 781 1457 823 habere
1481 781 1613 822 adno-

170 836 352 877 ravimus
364 866 379 886 ,
418 837 464 877 in
502 838 676 890 Theoph.
712 836 763 879 de
787 837 938 882 histor.
967 841 1099 894 plant.
1127 852 1205 892 pro
1237 836 1379 892 πόδια,
1419 836 1615 878 emendat

170 895 327 945 ποδεΐα,
358 893 558 947 huncque
578 897 719 934 locum
743 896 940 935 Pollucis
958 894 1118 943 adfert3
1149 909 1198 934 ea
1226 908 1350 936 causa
1373 909 1472 934 sane
1506 892 1615 932 illud

169 951 313 991 ποδεῖα
340 963 428 990 non
455 949 732 990 reiiciendum
760 950 867 991 mihi
889 951 1069 1003 videtur,
1101 964 1230 1004 quum
1262 950 1307 990 id
1336 949 1490 990 diserte
1519 951 1615 990 MS.

171 1004 349 1045 habeat:
381 1014 423 1045 et
450 1005 535 1046 viri
569 1005 686 1046 docti
707 1007 769 1046 sic
795 1008 918 1047 etiam
943 1007 1054 1061 apud
1073 1008 1329 1060 Hesychium
1349 1005 1616 1046 scribendum

173 1060 431 1102 existiment.
491 1060 583 1101 Neo
623 1059 797 1116 ποδάρια
824 1078 995 1119 quoque
1022 1073 1176 1103 temere
1204 1062 1443 1103 reiecerirn:
1489 1075 1617 1114 quum

118 1134 126 1140 »
171 1117 415 1169 praesertim
454 1117 631 1157 lascivia
667 1119 827 1158 comica
857 1120 901 1158 in
935 1119 1204 1159 diminutivis
1235 1129 1278 1160 et
1303 1119 1620 1172 ὑποκοριστικῶς

175 1172 549 1213 comminiscendis
594 1174 698 1212 mira
733 1174 877 1214 fuerit.
936 1175 1092 1215 Verum
1134 1189 1212 1229 ego
1242 1175 1322 1215 vix
1361 1174 1619 1214 semidoctus

174 1243 284 1269 meas
306 1229 537 1269 sententias
560 1230 691 1268 nolim
713 1230 984 1285 interponere
1009 1240 1174 1271 temere.
1205 1230 1334 1275 que.
1371 1228 1620 1286 Legendum

172 1287 384 1339 ποδαγρία.
414 1285 566 1324 Latini
583 1286 803 1339 Podagra.
843 1289 986 1327 Tour.

288 1350 526 1406 *noddpcaJ
575 1355 770 1407 ποδαρίας
793 1353 1161 1406 Falekenburgizcs.

287 1421 455 1473 ποδεῖα]
512 1420 718 1472 Leopard.
752 1420 856 1461 ibid.
888 1425 970 1477 leg.
998 1418 1130 1465 πόὸια.
1163 1419 1277 1476 apud
1298 1419 1452 1461 ἈιῘιεη.
1481 1416 1623 1462 πόδεια

178 1475 378 1516 scribitur
404 1475 455 1516 de
482 1474 597 1515 bulbi
616 1476 797 1531 quodam
828 1492 1000 1532 genere:
1029 1477 1247 1531 ὑφαίνεται
1274 1475 1308 1520 δ’
1334 1480 1377 1530 ἐξ
1403 1474 1525 1519 αὐιοῢ
1555 1477 1624 1518 καὶ

177 1531 331 1583 πόδεια,
365 1534 433 1575 καὶ
459 1531 562 1575 ἄλλα
589 1532 741 1588 ἱμάτια.
771 1533 847 1575 lib.
871 1534 931 1574 ΙΙ.
963 1534 1040 1575 fol.
1071 1533 1137 1576 64.
1194 1534 1294 1576 Suu.

292 1601 463 1654 ποδεῖα]
523 1601 711 1651 Glossae,
744 1598 915 1651 πόδιον,
942 1601 1105 1653 pedale,
1138 1614 1216 1640 nec
1250 1600 1437 1640 insolens
1465 1607 1550 1651 est,
1577 1608 1626 1637 ut

179 1655 447 1711 διφοροὺμενα
467 1656 554 1696 sint
571 1656 744 1697 nomina
766 1671 873 1712 quae
893 1657 1094 1697 desinunt
1112 1658 1157 1696 in
1181 1673 1275 1698 ειον.
1304 1655 1400 1697 dein
1428 1655 1474 1698 C.
1497 1655 1549 1695 A.
1578 1654 1626 1694 in

182 1723 304 1754 textu
323 1713 373 1757 τοὶ
391 1732 437 1756 π.
462 1731 499 1756 τ.
518 1731 562 1755 π.
581 1715 680 1755 πίλα
699 1713 985 1768 superscripto
1008 1712 1100 1763 τούς
1125 1714 1280 1761 πίλους.
1311 1711 1410 1752 dein
1439 1725 1517 1766 pro
1553 1711 1626 1753 πέ-

182 1775 322 1823 λυτρα.
353 1771 530 1822 πέλωρα.
559 1769 753 1823 (Hesych.
778 1768 965 1823 πὲλλυτα)
999 1778 1043 1809 at
1074 1787 1112 1812 υ.
1139 1787 1172 1810 τ.
1209 1767 1519 1823 suprascripta,
1547 1781 1625 1820 pro

183 1828 277 1879 περὶ
307 1823 435 1876 πόδας
462 1825 616 1880 legitur
649 1834 692 1864 et
725 1824 837 1880 παροῖ
863 1825 1001 1876 πόδας.
1052 1827 1238 1869 Salmas.
1277 1827 1358 1878 leg.
1391 1827 1460 1866 καὶ
1485 1819 1625 1866 πᾶδια.

185 1882 323 1924 ‚Vetus
362 1884 645 1923 Glossarium:
668 1883 857 1934 pedulia,
887 1879 1021 1927 πόδια.
1061 1881 1136 1923 sed
1167 1881 1272 1922 baec
1296 1879 1400 1921 alibi
1418 1878 1628 1935 pluribus.

184 1936 290 1978 haec
319 1938 405 1979 ille.
462 1938 635 1979 limum.

297 2004 463 2058 ποδεῖα]
523 2007 662 2047 nomm
701 2019 753 2046 ex
781 2006 877 2047 MS.
930 2005 1052 2047 affert
1085 2005 1453 2058 Falckenburgius.
1487 2004 1630 2046 ποδεῖα

188 2070 328 2101 tamen
362 2075 450 2101 non
481 2059 541 2099 ita
571 2061 698 2100 facile
726 2061 957 2112 reiecerim,
996 2063 1175 2102 casaub.
1209 2060 1261 2101 ad
1290 2061 1446 2100 Athen.
1474 2060 1533 2110 ΙΙ,
1563 2058 1630 2099 25.

190 2119 262 2157 Ex
287 2118 388 2156 lana
417 2116 628 2156 bulborum
662 2118 939 2170 lanigerorum
978 2119 1125 2157 scribit
1162 2117 1468 2168 Theophrastus
1504 2116 1632 2154 solita

189 2173 440 2227 ὗφᾱῖνέσθαι
467 2171 601 2220 mmm,
631 2175 717 2211 sive
742 2176 894 2216 ποδεῖα.
925 2174 1076 2213 udones
1104 2174 1276 2212 Graecis
1299 2173 1442 2214 ποδεῖα
1468 2185 1631 2209 nuncu-

189 2231 299 2282 pari,
327 2244 439 2269 nemo
458 2231 543 2267 iam
571 2231 734 2280 ignorat
754 2238 832 2271 eto.
864 2233 1004 2271 ποδεῖα
1028 2242 1196 2285 quoque
1219 2229 1369 2266 Iunius
1387 2227 1434 2265 in
1446 2227 1633 2266 Nomen·

193 2288 287 2325 clat.
321 2299 444 2340 quem
464 2283 611 2340 utique
633 2283 732 2324 vide
754 2299 843 2338 cap.
866 2286 1069 2326 LXXVI.
1099 2298 1191 2326 voc.
1222 2284 1410 2335 Impilia.

306 2351 399 2401 toric
416 2352 437 2374 *
454 2354 547 2405 περὶ
563 2353 646 2402 τοῖς
665 2353 759 2394 ποσὶ
779 2353 854 2404 πε]
905 2353 955 2393 P.
984 2353 1032 2392 P.
1063 2349 1113 2393 tol
1133 2351 1226 2406 περὶ
1243 2352 1326 2400 τοῖς
1346 2352 1440 2393 noaz
1456 2351 1553 2394 πίλα
1572 2366 1633 2406 xp.

193 2410 245 2450 In
262 2410 312 2453 A.
345 2428 370 2452 α
400 2422 579 2462 superne
610 2408 847 2462 ascriptum.

397 2475 649 2530 (Hactenus
679 2479 735 2517 P.
763 2474 823 2518 V.
854 2473 1059 2531 deinceps
1085 2474 1139 2518 P.
1167 2471 1440 2532 stgnificczbit

604 2532 707 2579 Pal.
736 2532 1062 2582 recentiorem.)
1122 2531 1221 2574 Sue.
