1682 2956
85 99 141 138 12
746 90 782 130 Ι.
831 94 882 134 6.

198 209 254 259 αῖς
279 214 318 253 οῖ
345 207 573 264 τραγῳδοὶ]
612 202 667 255 αἶς
693 208 733 247 οἱ
770 220 831 260 τρ.
861 221 899 247 α.
928 220 960 247 ε.
999 218 1035 248 σ.
1064 210 1108 247 θ.
1141 203 1254 244 haec'
1281 217 1368 244 non
1402 199 1533 243 habet

84 267 180 309 MS.
239 267 469 306 IUNGERM.

198 321 427 380 πρόδομος]
460 321 666 361 Homerus
684 318 811 360 Iliad.
835 331 873 373 9.
904 316 1143 373 generalius
1165 316 1303 356 utitur
1323 316 1404 356 hac
1422 328 1532 356 voce

89 390 133 423 et
156 379 205 423 τό
234 379 439 435 πρόστωον
467 378 540 420 τοῦ
567 370 758 429 θαλοῖμου
785 383 913 414 vocat
941 372 1156 429 πρόθυμον.
1215 375 1365 414 Noster
1391 381 1532 412 autem

87 451 245 478 :nomen
265 438 456 492 generale
475 434 662 487 applicat
684 430 736 471 ad
754 432 1083 484 ante-templum,
1107 429 1223 485 quod
1243 430 1319 469 alii
1338 427 1532 483 πρόναον,

90 498 283 534 anticam
315 493 458 544 templi
480 498 644 542 partem
677 488 811 527 aiunt.
850 487 969 541 ,apud
1008 490 1203 527 Pausan.
1242 488 1288 526 in
1325 485 1532 526 Arcadio.

88 554 196 591 male
217 549 372 605 legitur
392 545 610 601 πρόσναος,
652 554 701 584 ut
718 545 940 597 Sylburgio
963 543 1245 583 observatum.
1307 543 1533 583 Caeterum

87 612 294 659 interpres
332 604 500 645 videtur
535 603 641 642 haec
678 600 830 650 verba,
869 597 915 644 τό
943 601 986 643 δὲ
1032 596 1114 655 πρό
1145 598 1293 650 αὐτοῦ,
1323 599 1385 639 ita
1411 611 1533 638 acce-

87 664 225 718 pisse,
255 662 372 718 quasi
392 659 438 703 to*
465 658 588 702 αὐτοῦ
607 656 658 698 ad
677 654 800 708 σηκός
829 656 1064 710 pertineat:
1095 656 1222 697 etiam
1243 656 1298 696 ad
1328 653 1436 711 ἱερόν
1461 668 1535 694 re-

88 722 224 772 feras,
252 717 488 771 reddasque
518 716 640 756 licet:
672 716 858 753 anticum
883 714 1028 767 templi
1062 716 1132 754 vel
1162 714 1279 767 quod
1303 721 1403 753 ante
1434 720 1533 750 tem-

83 779 201 830 plum
219 785 302 828 est,
332 773 519 828 πρόναος,
541 787 593 812 ex
614 772 797 811 Varrone
827 769 877 810 de
905 770 961 809 L.
993 770 1047 810 L.
1078 770 1150 811 lib.
1180 769 1220 812 4.
1255 769 1394 810 dicas:
1425 766 1538 821 quod

88 836 137 873 in
157 833 327 872 aedibus
354 833 487 870 sacris
529 837 627 867 ante
655 828 825 877 cellam,
855 827 923 866 ubi
958 827 1069 866 sedes
1097 828 1187 866 Dei
1210 834 1334 876 sunt,
1379 825 1535 864 Graeci

88 891 241 929 dicunt
260 884 482 939 πρόδομον,
512 883 624 940 quod
645 891 766 937 post,
796 881 1083 937 ὀπισθόδομον.
1111 883 1200 923 vid.
1231 885 1361 923 Leon.
1390 882 1531 923 Anat.

90 961 156 1000 ep.
190 959 228 988 1.
268 944 322 983 ad
360 945 568 983 Morinum
610 939 661 981 de
706 941 886 992 Templis
932 939 1185 980 Graecorum
1219 938 1530 980 recentioribus.

86 1005 267 1043 liumus.

201 1055 433 1113 πρόδομος]
463 1054 599 1095 Labb·
632 1052 768 1093 codex
787 1048 1027 1109 πρόδρομος.
1084 1051 1315 1093 Iunonum.

202 1122 502 1177 ὀπισθόδομος]
533 1121 715 1161 Athenis
736 1121 905 1175 postica
922 1134 1019 1174 pars
1041 1121 1189 1175 templi
1207 1122 1425 1160 Mineruae
1444 1121 1533 1160 Poa

92 1183 235 1225 lindos
259 1184 305 1221 in
326 1194 419 1221 arce
435 1181 495 1219 ita
519 1178 746 1226 dicebatur,
778 1191 883 1232 quae
904 1186 947 1216 et
965 1178 1170 1218 aerarium
1191 1187 1280 1217 erat
1297 1176 1532 1231 publicum,

91 1239 273 1281 undein
300 1239 364 1277 Gl.
394 1237 632 1283 Posticala,
664 1237 899 1281 aerarium,
930 1231 1217 1285 ὀπισθόδομος.
1279 1235 1434 1272 Noster
1458 1233 1534 1272 in·-

91 1298 157 1336 fra
188 1311 256 1346 1x‚
294 1295 361 1336 4ο.
402 1295 471 1336 καὶ
511 1291 555 1335 τό
591 1288 763 1333 κατόπιν
801 1289 874 1341 τῆς
916 1284 1196 1344 α’κροπόλεως,
1236 1288 1531 1344 ὀπισθόδομον.

91 1353 208 1406 'quod
222 1359 328 1390 retro
350 1364 485 1389 arcem
504 1356 566 1387 est
591 1342 868 1402 ὀπισθόδομον
890 1347 1017 1390 dicas.
1076 1346 1195 1387 Idem
1221 1345 1326 1386 dicit
1362 1347 1532 1398 Ulpian.

91 1413 138 1448 in
157 1408 370 1448 Demostlz.
422 1405 540 1446 Orat.
592 1413 740 1444 contra
793 1405 1077 1445 Timocratem.
1126 1403 1320 1445 Doctiss.
1375 1404 1530 1444 Mean.

91 1467 266 1506 Polluci
293 1472 336 1503 et
375 1464 553 1514 Ulpiano
588 1474 767 1500 errorem
804 1459 1006 1515 impingit
1032 1468 1281 1513 propterea,
1318 1460 1419 1514 quia
1461 1458 1533 1500 de-

90 1521 272 1562 buerant
298 1519 437 1560 dicere
466 1517 593 1561 ὁπίσω
623 1516 693 1559 rofi
718 1516 816 1559 ναοῦ
841 1515 913 1566 τῆς
933 1513 1122 1565 Ἀθηνᾶς
1141 1516 1211 1560 τοῦ
1227 1519 1272 1559 ἐν
1287 1516 1337 1567 τῆ
1359 1514 1534 1570 dupond-

92 1583 163 1621 λει,
222 1578 374 1617 Verum
393 1575 607 1615 enimvero
629 1586 717 1612 non
738 1575 877 1612 solent
897 1571 1050 1612 Graeci
1069 1571 1165 1611 istis
1189 1563 1431 1627 amba'gibus
1451 1573 1532 1623 uti,

93 1649 185 1674 cum
210 1631 261 1673 de
280 1646 324 1672 re
346 1630 451 1685 ipsis
470 1630 579 1670 bene
593 1637 813 1683 perspecta
830 1631 1080 1682 loquuntur.
1137 1628 1248 1667 Nam
1265 1629 1346 1668 etsi
1363 1629 1532 1683 saepius

89 1687 306 1744 ἀκρόπολιν
335 1686 579 1736 nominent,
608 1683 745 1725 tamen
768 1686 968 1738 templum
988 1685 1204 1724 Minervae
1229 1687 1298 1725 vel
1315 1683 1533 1730 ὀπισθόδο-

89 1763 165 1802 μον
186 1743 436 1798 intelligunt
454 1739 558 1785 κατοέ
577 1738 829 1795 συνεκδοχῆν.
897 1740 1077 1793 Thucyd.
1105 1743 1134 1781 1.
1167 1752 1205 1780 2.
1235 1742 1350 1781 Hz‘st.
1406 1742 1533 1782 Peri-

93 1806 199 1842 clem
228 1799 352 1839 nobis
385 1799 500 1837 sistit
524 1797 577 1837 ad
606 1800 791 1837 calculos
813 1806 1083 1837 revocantem
1103 1796 1267 1837 reditus
1292 1797 1531 1839 Athenien·

90 1859 200 1898 sium
211 1874 225 1907 ,·
255 1856 365 1896 inter
386 1868 494 1908 quos
510 1862 701 1896 recenset
720 1850 946 1907 ύπάρχοντα
964 1855 1006 1895 ἐν
1023 1853 1075 1910 τῇ
1106 1851 1320 1906 ἀκροπόλει
1338 1853 1531 1911 ἀργυρίου

90 1910 286 1965 ἒπισῆμου
311 1912 556 1964 ἑξακισχίλια
581 1907 777 1959 τάλαντα,
808 1908 882 1947 ubi
900 1922 975 1961 per
1000 1907 1220 1962 ἀκρόπολιν
1246 1910 1533 1952 intellexerim

89 1972 292 2022 templum
311 1970 532 2006 Minervae
552 1975 593 2005 et
615 1980 708 2004 curn
731 1979 781 2005 eo
803 1962 871 2007 τόν
891 1962 1183 2017 ὀπισθόδομον,
1206 1966 1305 2021 quia
1326 1966 1389 2006 ibi
1412 1967 1533 2007 aliud

89 2025 298 2080 pecuniae
320 2036 459 2062 sacrae
481 2031 522 2061 et
539 2023 744 2075 profanae
764 2021 970 2061 aerarium
991 2022 1209 2075 publicum
1232 2022 1415 2063 historia
1441 2038 1532 2064 non

90 2080 305 2135 suggerit,
338 2086 542 2134 quantum
566 2091 645 2132 ego
665 2075 834 2132 quidem
855 2077 1041 2117 memini.
1100 2079 1195 2133 Ego
1216 2087 1258 2117 et
1280 2079 1443 2119 Nostro
1470 2080 1532 2119 li-

91 2137 184 2177 cuit
207 2134 370 2184 dicere,
401 2132 452 2177 τό
469 2133 639 2176 ὄπισθεν
661 2137 732 2183 τῆς
750 2131 1004 2187 ἀκροπόλεως
1022 2143 1085 2174 est
1109 2143 1152 2173 et
1172 2133 1330 2173 dicitur
1354 2130 1531 2179 ὀπισθό-

89 2196 223 2246 δομος.
267 2192 385 2230 ‘Duo
404 2199 544 2230 autem
566 2189 794 2242 praecipue
812 2189 926 2243 apud
953 2190 1137 2230 Graecos
1162 2190 1426 2231 celebrantur
1444 2191 1533 2235 ὄπι·

91 2243 308 2302 σθόδομοι,
342 2260 519 2300 quorum
548 2248 652 2285 alter
679 2246 856 2286 Athenis
885 2245 931 2285 in
959 2260 1076 2296 arce,
1107 2249 1213 2287 alter
1237 2245 1465 2301 Olympiae
1485 2247 1531 2287 in

80 2303 210 2345 >Iovis
252 2303 445 2356 Olympii
483 2311 585 2342 erat.
642 2301 724 2341 Ille
771 2300 1179 2356 θησαυροφυλοέκιον,
1220 2301 1291 2341 hic
1337 2303 1383 2341 in
1413 2303 1531 2343 ludis

93 2358 356 2413 OlympiciS,
388 2357 661 2408 oratoribus,
710 2356 953 2406 historicis,
1002 2358 1207 2411 sophistis
1270 2357 1531 2399 auditorium

93 2424 204 2471 erat,
236 2415 280 2453 in
307 2426 393 2468 quo
411 2410 632 2465 οἷποδείξεις
654 2422 696 2453 et
712 2410 921 2469 ἀκροάσεις
940 2413 1168 2453 faciebant.
1226 2415 1451 2454 Lucienus
1480 2414 1533 2455 de

89 2470 329 2510 Herodoto:
369 2469 593 2525 napzlvniv
620 2471 678 2517 εἰς
708 2468 784 2512 τόν
811 2465 1113 2523 ὀπισθόδομον,
1153 2466 1205 2512 ov'
1241 2469 1419 2523 θεατήν,
1447 2469 1531 2513 ἀλλ’

92 2523 313 2580 ἀγωνιστήν
338 2521 568 2579 Ὀλυμπίων
595 2527 784 2581 παρεῖχεν
812 2523 979 2576 ἑαυτόν,
1019 2526 1126 2581 ᾅδων
1151 2521 1226 2576 τοῖς
1253 2530 1433 2583 ἱστορίας
1462 2529 1532 2571 καῖ

93 2584 227 2634 κηλῶν
244 2580 335 2632 τούς
351 2579 565 2638 παρόντας.
624 2582 802 2624 Kumm.
