1670 2938
165 70 247 112 684
777 67 852 106 1V.
913 69 979 112 53.

165 197 268 233 χημα
302 179 343 222 δὲ
375 177 422 247 to*
450 176 542 248 μετ’
575 175 773 248 ὀρχήσεως
805 176 1001 248 ᾳὸὁμενον
1027 179 1145 248 μέλος
1171 183 1350 236 ἐλέγετο,
1382 183 1450 224 καὶ
1468 180 1544 238 γάρ
1566 187 1605 226 οἱ

159 239 335 278 -παλαιοῖ
361 234 432 286 τήν
456 231 535 277 ὑπό
575 232 666 277 α’ντὶ
687 235 757 285 τῆς
782 232 886 289 μετά
914 235 1101 286 πολλάκις
1122 237 1189 281 ἐλά
1192 245 1354 292 μ.βανον
1413 240 1515 279 SEB.

275 288 442 346 βάκχοι]
475 292 536 332 C.
555 292 606 332 V.
636 290 842 346 Ἰοβακχοῖ,
870 294 1048 387 Prvolus
1072 291 1294 351 Ἰόβακχοι-
1345 295 1462 351 quod
1483 294 1605 343 vide-

167 358 235 388 tur
251 348 587 402 praeferendum
626 347 903 390 hactenusC.
936 349 986 390 A.
1017 365 1172 406 margo.
1230 353 1431 393 KUEHN·

275 411 451 469 βακχοι]
494 415 575 455 Pro
595 413 742 471 βάκχοι
770 417 866 457 MS
896 412 1103 484 Ιόβακχοι
1132 420 1322 472 quamvis
1340 420 1431 460 sine
1453 433 1606 460 accen-

166 482 225 512 tu
255 472 300 511 in
333 471 488 525 quibus
517 472 703 521 scilicet,
735 471 877 524 eredo,
903 471 1083 528 Ἰόβακχε
1112 474 1359 525 clamabant,
1391 475 1604 531 quomodo

164 527 365 571 Διόνυσον
387 526 641 581 adpellatum
674 530 801 568 etiam
823 531 1056 583 Hesychius
1071 539 1261 570 testatur.
1293 532 1492 573 similiter
1512 533 1606 572 La-

100 611 103 614 «
164 585 249 624 tini
276 583 462 623 citabant
498 586 543 623 lo
567 586 737 624 Bacche
765 586 887 627 ebrii.
946 587 1004 626 Et
1032 586 1168 627 bene
1155 596 1214 626 lta
1241 588 1333 628 MS.
1363 590 1520 643 pariter
1541 587 1605 628 sic

165 642 210 679 in
230 642 378 680 Procli
405 639 675 680 Crestomatlz
707 652 898 706 excerpt.
929 642 1167 698 iunguntur
1195 641 1404 701 Ἰόβακχος
1423 655 1466 685 et
1484 642 1605 697 ὖπόρ·

164 709 301 753 χημα·
339 696 454 755 ᾔδετο
484 697 525 739 δὲ
556 695 782 752 Ιόβακχος,
816 699 877 748 ait
902 713 955 738 ex
983 713 1033 739 eo
1061 699 1258 768 ΡΙιοιὶιιε,
1289 703 1333 744 ἐν
1356 704 1509 754 ἑορταῖς
1539 701 1605 744 καὶ

157 756 330 805 ,θυσίαις
341 741 577 801 Διονύσου,
608 755 930 809 βεβαπτισμένος
948 756 1084 810 πολλῳ
1104 752 1341 811 ᾳρυοῖγματι.
1400 758 1532 798 que.

282 819 444 876 βάκχοι]
474 818 681 874 Ἰόβακχοι
700 823 921 860 Kaelmius
943 833 1087 862 noster
1109 823 1154 862 in
1178 836 1254 864 suo
1283 823 1457 876 Codice,
1485 838 1607 879 quem

167 879 212 918 in
234 876 498 919 restituendo
520 876 695 916 Polluce
716 878 944 932 sequimur,
973 879 1174 948 reposuit.

276 934 590 986 Autumnalia]
649 933 830 984 ἕπιληνια
874 938 975 989 μέλη
1029 938 1098 976 vel
1134 933 1321 990 ᾄσματα,
1369 937 1605 978 cantilenae

155 1005 274 1046 -quae
297 991 409 1030 inter
427 989 698 1042 premendum
720 1005 822 1033 uvas
847 992 941 1030 cani
964 992 1170 1036 solebant.
1230 991 1332 1035 SEB.

275 1044 487 1100 ἕηιληνια]
520 1045 719 1086 Omissa
707 1062 753 1086 m
776 1047 824 1087 C.
860 1048 911 1087 A.
971 1049 1146 1090 KUEHN.

276 1101 489 1155 ἐπιλήνια]
536 1100 719 1152 ἐπιληνια
758 1103 804 1142 in
835 1105 933 1145 MS.
965 1104 1130 1144 desunt.
1191 1103 1272 1145 Sed
1305 1104 1403 1146 vide
1431 1091 1475 1145 et
1504 1119 1605 1148 mox

165 1161 274 1199 infra
306 1173 433 1214 segm.
464 1158 530 1200 55
589 1161 693 1199 Tale
717 1163 893 1214 ποίημα,
923 1160 970 1198 ni
998 1162 1139 1211 fallor,
1173 1161 1285 1201 inter
1311 1162 1466 1214 Orphei
1480 1161 1606 1216 hym-

165 1231 243 1256 nos
267 1217 449 1281 legitur,
487 1215 608 1254 cuius
640 1215 835 1257 initium·
864 1217 1008 1260 Κλυθι
1031 1234 1166 1271 μακαρ
1196 1216 1301 1268 Λιος
1328 1220 1375 1260 υἴ
1400 1219 1607 1271 End-vine,

164 1270 298 1328 Βάκχε
317 1268 519 1339 διμάτωρ.
572 1267 806 1323 ’.Επιλήνιον
834 1287 935 1314 vero
965 1273 1128 1328 ὅοχησιν
1149 1276 1274 1313 saltat
1303 1276 1447 1328 Dryas
1468 1274 1530 1314 ad
1539 1276 1606 1330 μέ-

165 1335 233 1379 λος
268 1326 542 1372 Διονυσιακον
577 1328 686 1381 apud
719 1330 919 1384 Longum
951 1344 1088 1369 meum
1122 1328 1206 1369 fine
1247 1342 1286 1371 2·
1323 1335 1493 1383 Homer.
1530 1330 1606 1370 ubi

163 1381 452 1456 γραφικώτατα
486 1383 740 1452 descriptam
781 1385 1220 1452 habes.Plut.71,-392
1253 1388 1477 1439 μουσικῆς·
1530 1385 1605 1430 οὐκ

163 1439 302 1511 ἠγνόει
327 1441 369 1484 δὲ
392 1441 457 1483 ὅτι
482 1438 609 1483 πολλοὶ
638 1439 779 1495 Δώρια
808 1442 1034 1496 παρθένεια
1061 1441 1162 1484 ἄλλα
1192 1439 1392 1496 Ἀλκμᾶνι
1414 1445 1483 1486 και
1500 1448 1603 1487 Hw-

164 1495 274 1554 δοῖρῳ
313 1499 379 1541 καὶ
414 1500 620 1555 Σιμωνίδῃ
660 1500 727 1540 καὶ
753 1501 982 1554 Βακχυλίδῃ
1017 1499 1242 1549 πεποίηται.
1281 1499 1382 1540 vide
1408 1502 1606 1539 Proetum

165 1556 338 1609 copiose
357 1555 401 1594 in
425 1543 722 1595 Chrestomatlz.
750 1555 826 1594 ubi
847 1565 963 1609 patet
983 1553 1195 1608 vitginum
1215 1553 1396 1594 choris
1382 1556 1606 1597 inservisse

163 1611 269 1653 haec
296 1610 495 1652 carmina.
530 1608 580 1654 τοὶ
609 1612 666 1662 δὲ,
698 1612 782 1666 ait,
810 1610 999 1667 λεγόμενα
1026 1609 1242 1668 11·ποιρι’).ε’νιοι
1278 1614 1411 1666 χοροῖς
1444 1613 1605 1667 παρθέ-

163 1685 242 1711 νων
257 1664 499 1722 ἑνεγροὲφετο.
556 1668 687 1709 Imm.

273 1735 484 1788 epilimia]
529 1735 681 1774 Potius
713 1737 952 1788 epiloemia,
985 1736 1187 1789 ἕπιλοίμια
1214 1735 1336 1789 μέλη,
1366 1749 1474 1790 quae
1503 1748 1608 1790 pro-

164 1800 259 1846 pter
279 1800 463 1845 pestem,
493 1804 569 1831 seu
586 1791 639 1831 ad
656 1790 952 1832 liberationem
971 1805 995 1831 a
1015 1801 1142 1861 peste
1152 1791 1422 1832 canebantur.
1452 1793 1550 1834 SEB.

206 1887 207 1890 ,
275 1848 511 1900 ἔπιλοίμια]
543 1848 792 1903 Sequentia.
819 1867 869 1891 τα
889 1851 1009 1892 ἐπῖλ
1043 1846 1082 1903 ᾇ
1112 1844 1229 1903 ηὀἷφ.
1263 1852 1300 1890 λ.
1330 1862 1418 1890 non
1442 1847 1604 1888 suntin

165 1904 215 1945 C.
244 1903 297 1945 A.
355 1903 534 1944 Horum.

275 1971 501 2024 ἔπιλοίμια]
557 1970 610 2010 In
641 1972 737 2012 MS.
770 1971 940 2042 quidem
974 1981 1037 2013 est
1065 1973 1280 2039 ἕπιλοῖμια.
1317 1979 1500 2020 ceterum
1530 1970 1602 2010 illa

150 2035 364 2082 „tanquam
383 2029 522 2081 glossa
544 2026 718 2074 desunt,
753 2047 803 2071 τα
825 2031 889 2072 ἐπι
908 2035 945 2072 λ.
975 2027 1015 2084 ᾇ.
1045 2028 1074 2080 ἢ
1090 2027 1129 2070 οἷ.
1159 2034 1195 2070 λ.
1250 2028 1382 2068 IUNG·

276 2095 531 2149 παρθενεῖα]
588 2094 747 2135 Iterum
777 2109 800 2134 e
826 2097 978 2135 Proclo
1016 2097 1227 2136 Photius:
1264 2092 1316 2138 to?
1345 2093 1388 2136 δὲ
1417 2089 1604 2161 λεγόμενα

166 2152 370 2223 παρθένια
392 2153 527 2207 χοροῖς
549 2152 773 2207 παρθένων
791 2151 1045 2207 ἐνεγραφετο.
1080 2153 1141 2202 οἷς
1156 2154 1225 2194 και
1242 2168 1291 2194 τα
1309 2147 1604 2205 δαφνηφορικα,

106 2238 110 2240 >
150 2227 222 2260 -ως
240 2210 297 2258 εἰς
317 2208 454 2263 γένος,
482 2209 632 2250 πίπτει
693 2208 792 2251 SEB.

277 2277 532 2328 παρθενεῒα]
585 2275 635 2317 C.
662 2274 714 2315 Α.
746 2276 970 2331 παρθένια.
1002 2276 1048 2318 G.
1081 2275 1133 2317 V.
1161 2272 1398 2330 παρθένεια.
1429 2276 1605 2315 Proetus

102 2337 105 2340 ’
153 2332 390 2389 ·παρθε’.νια
445 2331 620 2378 Κυκιιιγ.

279 2390 526 2444 παρθενεῖα]
557 2388 651 2430 MS.
679 2389 916 2442 napvffs'wm
948 2390 1138 2428 Fuerunt
1155 2395 1307 2436 autem,
1325 2386 1466 2434 credo,
1497 2386 1605 2441 quae

168 2445 418 2486 accinebant
449 2445 724 2500 cognomines
751 2444 906 2491 tibiae,
948 2454 990 2486 et
1017 2444 1067 2483 ad
1101 2457 1205 2498 quae
1235 2442 1445 2483 saltabant
1469 2443 1605 2510 virgi-

169 2516 255 2542 nes.
284 2501 346 2541 sic
371 2501 485 2541 enim
513 2502 627 2541 infra
658 2504 756 2555 lego
781 2501 858 2552 IV,
891 2499 958 2542 81.
987 2504 1057 2543 και
1079 2502 1159 2548 τοῖς
1173 2499 1247 2553 μὲν
1266 2502 1510 2552 παρθενίοις
1528 2498 1606 2544 αὖ·

149 2561 264 2609 λοῖς,Ι
290 2558 491 2615 παρθένοι
507 2556 804 2614 προσεχόριυον
868 2557 1023 2596 suidas
1046 2566 1182 2596 tamen
1205 2555 1348 2605 aliter,
1376 2566 1420 2596 et
1439 2566 1486 2596 ut
1507 2558 1606 2596 vul-
