1690 2944
156 108 240 149 272
785 102 822 143 1·
881 107 977 149 283.

158 214 400 269 Adscripsit
426 223 468 255 et
496 214 620 255 haec:
663 213 804 253 Aliter
830 217 916 268 ipse
947 218 1111 257 Pollux
1148 219 1221 258 lib.
1254 218 1328 258 VI.
1363 217 1505 275 (infra
1531 218 1606 268 VI,

160 272 249 327 56.)
287 275 433 320 παῖδας
472 268 676 320 σιτευτούς
703 272 893 325 Ξενοφῶν
920 273 1012 326 ἔφη.
1052 274 1157 312 unde
1185 283 1361 326 apparet
1392 277 1609 315 Pollucem

160 343 280 380 saepe
300 331 472 367 nimium
483 327 685 376 fidentem
705 333 923 368 memoriae
950 344 1032 369 non
1059 334 1163 370 satis·
1185 331 1371 381 fideliter
1388 333 1497 370 locos·
1525 345 1612 371 au·-

163 387 330 425 thorum
360 387 526 422 citasse.
585 384 713 423 IUNG.

273 440 603 492 σεσιτευμένους]
654 442 786 480 Aliter
813 440 903 494 ipse
944 443 1099 481 Pollux
1128 443 1203 484 lib.
1237 443 1312 483 VI.
1367 443 1495 495 (infra
1535 442 1611 493 VI,

163 497 247 548 56.)
280 499 429 545 παῖδας
459 493 662 544 σιτευτούς
690 497 883 550 Ξενοφῶν
911 496 1009 552 ἔφη,
1040 497 1152 541 unde
1183 509 1357 553 apparet
1387 502 1613 539 Pollucem

164 568 288 607 saepe
317 553 495 599 nimium
530 551 727 591 fidentem
757 555 1005 606 memoriae,
1037 569 1124 595 non
1155 558 1256 596 satis
1279 555 1458 597 fideliter
1495 559 1613 596 Locos

164 620 356 650 autorum
381 610 544 647 citasse.
605 607 739 650 ὃτι-[ΛΞ.

276 663 604 718 οεσιῑευμένους]
669 666 856 719 Xenoplz.
896 665 970 708 lib.
1006 666 1055 709 V.
1097 667 1254 720 Exped.
1304 667 1399 722 Cyri
1434 682 1476 722 p.
1516 679 1612 721 2¹77.

165 720 368 770 σιτευτούς
386 724 678 776 τετραμμένους
699 740 734 764 κ.
758 739 788 763 e.
810 723 991 762 divitum
1001 725 1099 773 filii
1115 727 1318 777 saginati,
1353 726 1423 778 qui
1441 726 1617 763 enutrita·

165 788 285 819 erant
307 780 481 817 nucibus
501 780 715 818 castaneis
733 780 924 828 elixati35
954 780 1042 835 agit
1065 779 1114 820 de
1132 790 1256 835 gente
1278 784 1616 834 Mosynoeoorum

166 851 289 889 quam
319 835 500 874 maxime
533 834 722 873 barbara.
764 835 940 888 ὃιαᾳυή,
971 846 1032 875 est
1065 837 1317 890 operimenti
1350 837 1614 890 compactilis

167 892 389 932 distinctio
410 889 556 940 bifida,
580 894 892 930 commissuram
913 891 1085 932 dixeris.
1118 907 1239 948 quam
1261 892 1359 947 quia
1379 907 1506 932 nuces
1527 907 1614 932 nou

164 948 335 996 habent,
366 946 503 985 solido
532 947 792 998 operimento
817 957 1027 987 constant.
1062 949 1286 988 Castaneas
1308 949 1432 988 etiam
1455 948 1616 1001 λώηιμα

168 1014 210 1046 et
227 1002 328 1051 Λιός
354 1001 522 1055 βάλανος
555 1002 640 1040 dici
673 1017 725 1041 ex
752 1004 820 1043 Gl.
854 1005 1055 1054 Veterum,
1086 1005 1321 1054 Athenaeo,
1358 1006 1544 1046 Varrone
1575 1014 1619 1046 et

171 1061 268 1100 aliis
311 1068 493 1099 constat.
545 1057 689 1099 eadem
728 1060 879 1098 Glossa
911 1059 1088 1112 nomm}
1112 1064 1398 1117 πεφρυγμένα,
1451 1062 1617 1102 Calvae.

172 1117 352 1158 Koa-HN.

281 1169 526 1225 α’μιγόαλαῖ]
578 1171 666 1211 Ser.
694 1170 839 1226 οἷμυγδ.
881 1175 939 1212 H.
972 1175 1109 1227 Steph.
1152 1172 1292 1213 malim
1323 1188 1423 1230 ego,
1456 1173 1616 1228 inquit,

166 1226 398 1284 ἀμυγδαλῆν
421 1228 470 1267 de
493 1227 640 1267 arbore
671 1227 831 1267 dictum
853 1230 1200 1270 circumflectere:
1232 1229 1283 1270 de
1303 1230 1448 1270 fructu
1480 1239 1619 1269 autem

167 1284 344 1336 ὀξύνιιν,
379 1287 447 1323 vel
478 1282 733 1338 παροξύνειν,
763 1295 811 1323 ut
841 1285 1005 1340 aliquid
1036 1287 1147 1325 inter
1180 1299 1226 1325 ea
1259 1286 1315 1324 sit
1344 1285 1616 1325 discriminis.

170 1342 288 1396 Quas
306 1340 532 1394 scripturas
555 1340 795 1381 observatas
817 1341 944 1382 video
965 1341 1078 1397 apud
1096 1342 1354 1381 Athenaeum
1373 1352 1415 1382 et
1426 1344 1620 1381 Discors·-

169 1400 259 1438 dem
279 1407 358 1437 etc.
417 1396 515 1435 SEB.

282 1452 524 1506 οἷμιγὸαλαῖ]
573 1453 654 1492 Pro
681 1451 913 1509 α’μιγδαλαῖ,
944 1454 1080 1494 scribo
1102 1446 1340 1507 α’μυγδαλαὶ,
1371 1462 1422 1493 ut
1444 1462 1486 1494 et
1509 1451 1622 1492 infra

170 1512 249 1566 VI,
273 1509 341 1551 80.
376 1523 453 1549 nec
479 1508 601 1549 credo
629 1510 754 1548 aliter
777 1511 905 1550 facile
932 1510 1122 1565 reperiri.
1181 1512 1313 1550 Iuno.

281 1565 519 1619 τέρμινθος]
571 1565 690 1604 Inter
711 1566 1004 1607 Terminthum
1032 1577 1073 1606 et
1094 1566 1431 1606 Therebinthum
1455 1564 1624 1606 differre

170 1634 312 1679 negat,
347 1631 492 1660 contra
512 1622 725 1660 Pollucem
746 1634 788 1663 et
816 1624 993 1661 Suidam
1014 1623 1235 1663 Brodaeus
1265 1623 1404 1662 Schol.
1438 1621 1490 1661 ad
1520 1621 1621 1663 Lib.

170 1680 209 1721 I.
239 1677 475 1731 Antholog.
506 1676 582 1715 sub
608 1677 731 1717 finem
763 1693 853 1732 cap.
873 1680 939 1735 59.
998 1680 1132 1720 Imm.

285 1732 511 1786 συκάμινα]
563 1733 680 1772 Haec
712 1735 915 1774 sectionis
953 1736 1124 1775 ultima:
1166 1732 1380 1789 Συκάμινα
1412 1734 1510 1789 όρᾷ,
1555 1734 1627 1776 καὶ

171 1795 298 1848 φορεῖ.
329 1792 472 1843 κρανία
489 1789 678 1842 μέσπιλα,
695 1791 869 1829 omnino
885 1792 1201 1844 corruptissima
1225 1792 1440 1831 adfirmare
1460 1790 1622 1829 audeo:

172 1860 215 1889 et
237 1847 459 1900 Amplzidis
490 1859 650 1884 versum
681 1861 733 1884 ex
758 1848 965 1887 Athenaei
993 1847 1067 1888 lib.
1099 1849 1158 1887 II.
1192 1847 1480 1901 reponendum
1510 1846 1626 1885 arbi-

171 1915 286 1945 tror:
317 1903 341 1945 o‘
361 1899 576 1954 συκάμινος
601 1898 788 1952 συκάμιν’
808 1899 920 1957 ἆρᾷς,
957 1906 1084 1959 φορεῖ.
1143 1906 1298 1944 Postea
1333 1905 1443 1944 forte
1473 1905 1626 1956 legen-

173 1961 296 2000 dumt
329 1959 396 2000 καὶ
425 1960 585 2010 κρανία,
618 1957 704 2012 (vel
739 1960 884 2011 potius
912 1960 1090 2013 κρανεια,
1119 1962 1209 2001 sive
1236 1958 1414 2015 κρανεία)
1442 1960 1626 2015 μέσπιλα.

170 2025 222 2056 ut
240 2023 389 2070 pergat
408 2013 559 2054 addere
578 2014 775 2053 nimirum
803 2025 842 2055 et
865 2017 946 2056 alia
967 2018 1157 2073 ἔγκαρπα.
1217 2018 1351 2058 lum.

283 2136 378 2192 7ιέρῖ
406 2134 625 2189 α’κᾶρπων]
685 2137 856 2177 Titulus
898 2140 1013 2179 deest
1046 2140 1089 2178 in
1123 2140 1168 2182 C.
1200 2139 1249 2178 A.
1288 2138 1445 2192 incipit
1476 2147 1630 2186 autem,

173 2197 335 2250 ἄκαρπα
355 2198 397 2237 ds
418 2196 576 2246 δένδρα,
608 2193 787 2249 (λέγουσι
812 2205 930 2234 extat
948 2196 990 2233 in
1012 2194 1218 2250 margine)
1249 2214 1294 2237 ω.
1332 2211 1368 2236 ο.
1397 2212 1431 2236 κ.
1452 2211 1512 2237 ου.
1535 2211 1564 2236 ε.
1587 2211 1628 2234 α.

173 2274 206 2298 τ.
238 2249 290 2296 ta*
324 2249 361 2294 δ’
389 2249 491 2293 ἄλλα
516 2248 712 2304 κάρπιμα.
751 2250 914 2306 reliqua
942 2251 1096 2291 absunt
1115 2266 1249 2305 usque
1283 2250 1334 2289 ad
1374 2264 1501 2304 segm.
1523 2249 1627 2291 1235.

174 2311 359 2352 Roman,

286 2364 380 2417 περῖ
399 2356 621 2417 α’κᾰρπων]
678 2361 850 2400 Titulus
883 2360 997 2402 deest
1017 2361 1061 2400 in
1091 2362 1188 2402 MS.
1221 2363 1291 2402 De
1321 2361 1510 2401 sectione
1529 2375 1630 2403 vero

174 2422 256 2463 hac
276 2433 389 2460 nona
410 2428 575 2458 tantum
601 2419 644 2456 in
677 2418 763 2459 MS.
800 2417 1000 2457 habetur:
1031 2417 1193 2470 ἄκαρπα
1225 2421 1266 2459 δὲ
1289 2423 1321 2458 λ.
1348 2421 1380 2458 δ.
1402 2435 1446 2459 ω.
1469 2416 1492 2459 o‘
1513 2435 1548 2460 κ.
1567 2435 1629 2459 ou.

178 2495 210 2521 ε.
227 2497 267 2519 α.
293 2474 420 2529 zoro?
441 2475 476 2517 δ’
497 2474 598 2517 ἄλλα
622 2474 802 2528 (corrige
825 2473 950 2512 etiam
972 2474 1033 2512 sic
1061 2474 1293 2528 vulgatum)
1320 2475 1516 2526 κάρπιμα.
1548 2474 1631 2524 (sic

179 2543 245 2576 est
274 2531 585 2579 hoo÷ultimum
619 2530 909 2580 emendatum,
947 2542 1076 2583 quum
1119 2531 1240 2588 prius
1279 2532 1393 2571 foret
1420 2528 1631 2586 κάρπημα)

181 2603 260 2631 neo
282 2591 420 2644 plura.
479 2586 613 2629 lunc.
