1670 2938
142 71 223 111 808
745 67 973 113 IV.158.

255 175 428 231 ξανθος]
484 178 531 218 C.
564 178 619 221 A.
653 179 736 218 ita:
775 178 936 232 ξανθός,
969 179 1165 236 οἷγὲνειος,
1194 180 1424 239 ὐπὲρυθρός
1458 186 1576 228 ἔστιν.

145 234 213 276 και
232 234 346 283 οὗτος
364 233 552 289 dyst-Meo
585 237 629 277 ἐκ
659 235 789 289 μέσων
819 234 1079 280 ανατέτανται
1113 243 1156 279 αἱ
1186 241 1328 294 τρίχες.
1358 256 1405 280 ex
1435 242 1580 281 mediis

76 333 80 340 ι
147 292 331 328 crinibus
369 291 539 344 quidam
570 300 802 344 assurgunt
825 293 965 336 altius.
1013 292 1190 349 ἀγγέλλει
1216 294 1341 336 habet
1373 306 1416 337 et
1445 297 1493 339 C·
1525 294 1578 340 V.

147 346 327 389 Kumm.

149 458 171 496 I
254 402 505 457 ὑπέρυθρος]
560 402 656 442 MS.
693 401 942 460 ιῖηερυθρός.
979 412 1020 444 et
1046 403 1199 461 ἄγγε’λει
1226 421 1303 461 pro
1338 404 1580 462 &varri-Meo

178 471 381 499 UNGERM.

148 569 186 608 I
257 533 307 557 τα
334 517 376 557 δὲ
404 513 480 557 τῶν
508 514 736 569 γυναικων]
786 515 835 557 C.
862 515 916 558 A.
957 531 1099 574 margo
1127 536 1176 561 τα
1206 518 1247 563 δὲ
1273 522 1477 574 γυναικεῖα
1506 536 1578 575 πρ.

163 585 362 694 1υᾚζῗιν]
411 626 546 667 Deest
564 645 642 670 των
668 627 714 666 in
737 628 834 669 MS.
892 628 1018 671 IUNG.

256 681 508 738 κατακομος]
559 682 995 739 (1.Ὺ.κατα’κοσμος.
1053 684 1232 728 Kunur.

258 747 512 804 κατάκομος]
564 751 662 793 MS.
711 766 969 807 κατακοσμος.
1025 753 1107 793 Sed
1145 754 1255 793 iufra
1282 762 1419 795 tamen
1452 767 1581 809 segm-

150 820 236 861 seq.
267 810 443 861 vulgato
477 806 699 849 consentit.
756 809 884 849 Iuno.

258 862 461 930 γραΐδιον]
509 863 557 904 C.
585 863 637 903 V.
669 861 842 919 γράόιον.
870 865 919 905 C.
952 865 1001 906 A.
1032 868 1209 934 γραὶδιον
1227 862 1457 917 ἐλεύθερον,
1483 867 1584 908 οἶκε·

148 917 271 970 τικόν,
300 918 531 972 κατάκομος,
561 921 798 973 διφθερίας,
826 917 1065 976 μεσόκουρος
1080 920 1192 978 ω’χρυῖ
1217 931 1295 963 etc.
1352 922 1524 963 Kumm

257 991 462 1042 γραΐδιον]
513 985 607 1029 MS
637 982 798 1040 γροῖδιον
826 1005 859 1030 ο.
917 989 1045 1031 Imm.

258 1046 295 1085 δι
299 1045 514 1100 φθερίτις,
556 1043 718 1096 κατάκ]
774 1044 859 1084 Hic
888 1054 930 1084 et
962 1046 1075 1085 infra
1106 1045 1190 1099 IV,
1222 1042 1310 1088 140.
1346 1046 1584 1101 διφθερίας.

154 1098 274 1152 Sylb.
290 1114 380 1138 cum
411 1113 474 1152 pr.
506 1097 593 1138 ed.
585 1101 848 1154 ὸιῳθερῖτης.
906 1102 1004 1142 Snn.

259 1168 504 1222 διᾳθερίτις,
533 1161 701 1219 κατακ]
756 1166 1313 1220 5οῑ.ᾱίρ1ιι]ιενίιίε.8κ3.

252 1236 513 1302 διφθερίτις,
542 1231 705 1286 natam]
753 1234 803 1279 C.
836 1233 890 1278 V.
927 1243 1026 1287 post
1059 1237 1311 1290 διφθερίας,
1342 1252 1586 1292 κατακουρος

150 1287 282 1343 οῗχρα,
301 1289 606 1357 μεσοκόρυφος,
640 1287 873 1344 πρόσφατος
896 1299 973 1330 etc.
1011 1300 1221 1343 praeterea
1261 1291 1308 1331 C.
1337 1292 1386 1332 A.
1416 1306 1502 1332 non
1523 1292 1585 1331 di-

151 1346 333 1401 stinguit
365 1347 475 1386 inter
503 1345 691 1401 κούριμος
713 1355 754 1385 et
783 1348 996 1399 napeeffvog·
1056 1348 1234 1386 anmz.

261 1415 512 1480 διφθερίας,
552 1409 722 1465 κατακ.]
778 1413 872 1454 MS.
911 1414 1147 1467 διφθερίτης
1177 1410 1446 1469 κατᾶκουρος,
1475 1431 1585 1471 ωχρα

151 1467 446 1537 μεσοκόρυφος,
481 1487 632 1524 προσφ.
689 1470 819 1509 Imm.

262 1524 470 1597 κούριμος,
510 1526 737 1581 παρθένος]
788 1525 895 1580 Leg.
934 1513 982 1564 nt
1011 1524 1123 1564 infra
1150 1524 1237 1575 IV,
1270 1523 1364 1571 140·
1398 1541 1586 1582 κουριμος

151 1582 361 1650 παρθένος.
419 1583 517 1626 SEB.

263 1638 466 1694 κούριμος,
492 1637 730 1693 παρθένος]
778 1637 827 1678 C.
857 1637 902 1678 A.
940 1636 985 1675 in
1017 1635 1202 1690 margine
1232 1635 1351 1676 addit
1377 1639 1446 1680 καὶ
1461 1638 1587 1707 ἑτέρα

153 1691 263 1749 κόρη,
301 1695 414 1750 quod
432 1696 544 1738 etC·
573 1695 625 1740 V.
656 1694 794 1733 habet.
830 1692 928 1733 dein
960 1693 1010 1734 C.
1040 1693 1090 1734 A.
1121 1692 1234 1746 ἡμὲν
1255 1690 1329 1737 οὖν
1353 1689 1487 1746 πολια,
1519 1709 1587 1735 su-

153 1751 431 1805 perscriptum
461 1761 524 1792 est
553 1749 633 1794 οὖν.
689 1751 864 1791 Κυιιιιιι.

263 1806 474 1862 κούριμος,
512 1807 738 1861 παρθένος]
799 1806 892 1847 MS.
924 1821 962 1848 κ.
993 1823 1037 1847 π
1068 1802 1180 1859 ἑτέρα
1205 1801 1315 1861 κόρη.
1345 1823 1370 1856 η
1399 1805 1475 1859 μὲν
1502 1815 1582 1847 etc.

155 1877 177 1902 e
208 1863 360 1917 quibus
388 1863 507 1904 vides
539 1864 611 1903 hic
645 1865 776 1916 vulgo
820 1876 908 1901 non
941 1860 1198 1901 sufficienter
1230 1871 1486 1902 enumeratas
1510 1860 1585 1900 has

155 1932 370 1972 personas.
425 1920 578 1973 Itaque
603 1919 743 1958 omnia
762 1917 823 1956 sic
844 1918 956 1958 forte
980 1926 1102 1957 erunt
1129 1916 1411 1986 restituenda,
1433 1916 1585 1971 pai-tim

155 1988 207 2012 ex
226 1974 320 2014 MS.
350 1974 501 2028 partim
521 1984 568 2014 ut
588 1973 859 2029 sequentibus
883 1973 1172 2013 consentiant:
1208 1971 1264 2015 Ta?
1285 1975 1325 2016 δὲ
1349 1991 1384 2015 t·
1407 1990 1443 2040 y·
1471 1988 1584 2024 προσ.

155 2034 242 2072 πολ.
293 2029 536 2083 κατάκομος,
576 2047 636 2084 γρ.
689 2027 923 2082 ἐλευθερόν,
961 2046 1022 2084 γρ.
1064 2028 1280 2077 οἰκετικόν,
1329 2026 1582 2083 μεσόκουρος,

156 2088 400 2139 διφθερίας,
429 2085 644 2138 κατάκομος
663 2083 784 2139 ω’χρα,
814 2083 1056 2140 μεσόκουρος
1075 2083 1188 2140 ω’χροῖ
1216 2085 1354 2137 (cuius
1375 2083 1489 2124 verbi
1515 2098 1585 2122 re-

157 2142 405 2209 petitionem
428 2145 533 2181 male
543 2145 770 2196 neglectam
791 2156 811 2180 a
833 2142 1006 2180 librario
1027 2141 1266 2180 omissionis
1284 2153 1445 2179 causam
1457 2139 1584 2190 reor.)

156 2194 407 2252 πρόσφατος,
437 2195 628 2251 κούριμος
658 2197 877 2262 παρθένος,
911 2199 1036 2251 ἑτέρα,
1067 2194 1180 2250 κόρη.
1209 2196 1270 2235 sic
1300 2205 1342 2235 et
1369 2194 1480 2234 infra
1507 2195 1585 2247 IV,

159 2253 250 2297 151.
281 2264 324 2295 et
348 2254 437 2295 152.
467 2254 511 2292 in
547 2253 718 2293 comicis
741 2251 837 2306 κόρη
868 2264 944 2294 est.
1001 2255 1129 2293 Iuno.

266 2338 468 2387 κουριμος,
496 2319 722 2375 παρθενος]
770 2321 1124 2371 Falckenburgius
1145 2325 1243 2371 post
1260 2333 1447 2371 κουριμος
1467 2316 1587 2361 addit

157 2375 268 2432 κόρη,
299 2389 340 2418 et
374 2377 471 2418 dein
493 2382 597 2431 post
618 2377 821 2437 παρθένος
844 2375 1092 2422 addebatur,
1121 2375 1166 2411 ni
1198 2373 1336 2425 fallor,
1372 2377 1437 2415 καὶ
1457 2374 1584 2426 gripor,

160 2448 267 2485 quae
305 2435 401 2489 quia
435 2447 571 2472 rursus
600 2431 754 2471 deleta
774 2442 893 2480 sunt,
936 2429 1127 2483 conspici
1155 2429 1243 2467 fere
1275 2443 1360 2467 non
1393 2439 1586 2482 possunt

159 2491 352 2528 Ceterum
374 2488 614 2540 Kuelmius
603 2503 682 2526 :am
703 2487 815 2525 illud
840 2501 997 2525 comma
1028 2487 1136 2524 inter
1157 2481 1342 2539 κούριμος
1362 2495 1404 2525 et
1422 2485 1587 2540 παρθέ-

158 2563 238 2595 νος,
272 2544 386 2600 quod
414 2546 457 2584 in
479 2545 595 2598 prius
616 2543 797 2597 vulgatis
829 2552 928 2594 erat,
958 2541 1124 2582 delevit.
