1670 2938
181 54 263 95 582
804 54 884 94 111.
941 58 1008 98 90.

297 158 507 218 καθῆστο]
538 165 762 205 Platonica
783 166 891 205 forte
916 166 1100 219 respexit
1118 167 1188 207 illa
1213 183 1322 223 quae
1342 178 1508 210 exstant
1529 170 1618 209 ini-

187 220 250 259 tio
270 220 536 272 Euthydemi:
576 219 619 263 ὂν
650 222 721 274 μὲν
747 219 822 276 ἐγώ
854 223 950 276 λέγω
981 226 1023 265 ἐκ
1041 222 1169 273 δεξιοῖς
1195 228 1322 280 τρίτος
1340 219 1420 269 dno*
1449 227 1523 268 σοῦ’
1539 245 1619 269 κα-

185 277 333 324 θῆστο.
365 286 475 315 certe
498 276 542 314 in
561 277 706 317 eodem
727 277 896 332 dialogo
920 288 960 317 et
982 279 1207 332 σκολύθρια
1230 281 1370 333 habes,
1404 282 1518 335 quod
1542 297 1617 322 no-

185 342 269 371 ster
290 331 426 369 statim
445 330 606 373 adferre
623 332 723 373 inde
745 333 927 380 videtur,
961 345 1008 373 ut
1027 336 1134 374 infra
1158 337 1211 388 X,
1235 336 1302 378 48.
1359 339 1478 377 Alias
1504 337 1617 376 istud

185 387 366 436 καθῆστο
387 395 429 426 et
447 388 575 428 initio
597 388 687 430 libr.
709 390 743 428 Ι.
764 388 815 430 de
836 390 940 443 Rep.
975 400 1052 439 est,
1083 390 1133 431 de
1154 392 1329 445 Cephalo
1351 395 1618 432 Polemarclzi

184 452 323 495 patre:
370 444 550 494 καθῆστο
578 446 618 487 δὲ
649 447 966 499 ἐστεφανωμένος
995 449 1060 489 ἐπί
1094 464 1197 496 τινος
1223 452 1549 504 προσκεφαλαίου
1574 467 1618 492 τε

183 500 251 540 καὶ
272 500 426 553 δίφρου.
457 499 638 551 τεθυκαὶς
666 501 742 556 γοὶρ
768 500 955 556 ἐτύγχανε
971 505 1013 544 ἐν
1035 506 1089 560 τῇ
1103 503 1214 561 αὐλῇ.
1246 515 1288 546 et
1308 506 1436 546 initio
1458 507 1534 549 lib,
1567 507 1614 546 V.

184 554 235 594 de
252 555 356 607 Rep.
391 554 556 611 σμικρόν
573 557 649 612 γάρ
669 554 859 612 α’πωτὲρω
880 557 955 601 τοῦ
970 557 1228 611 Ἀδειμάντου
1253 563 1450 612 καθῆστο.
1486 563 1521 601 V
1526 560 1615 601 ides

183 619 319 650 autem
352 623 539 652 nostrum
567 613 788 664 adnotare,
820 624 869 653 ut
899 614 1181 668 observanda,
1217 616 1260 656 iu
1286 618 1437 673 quibus
1469 621 1615 657 saltem

183 665 231 704 fit
265 668 480 721 augmenti
502 668 686 710 iactura:
718 682 846 724 quare
872 684 958 710 non
980 671 1181 712 frivolum
1202 673 1298 725 erit,
1328 674 1365 712 si
1386 684 1428 714 et
1447 688 1525 713 nos
1543 674 1617 712 in-

181 721 344 763 terdum
375 724 492 776 paria
532 725 841 778 adnotarimus,
880 727 1019 780 qualia
1047 731 1175 767 multa
1205 728 1256 767 ad
1289 731 1429 783 Longi
1453 730 1526 769 lib.
1558 730 1613 772 11.

182 783 354 832 Ποιμεν.
396 780 705 835 congessimus,
751 782 851 837 quin
885 792 927 823 et
957 783 1048 836 ipse
1077 782 1224 823 Pollux
1250 785 1370 840 loqui
1399 786 1460 824 sic
1490 795 1615 827 amat.

117 858 142 881 4
182 833 377 874 Ceterum
406 837 700 877 Demosthenes
729 838 788 877 ita
809 852 952 892 saepe,
982 848 1031 878 ut
1047 839 1090 878 in
1121 840 1300 881 secunda
1323 841 1488 895 Obyntlz.
1516 838 1615 892 ἄλλ’,

178 891 304 942 οἶμαι,
333 891 572 944 καθήμεθα,
605 892 717 936 οὐδὲν
746 895 960 945 ποιοῦντες,
988 895 1062 934 ubi
1091 909 1191 935 mox
1209 895 1390 938 secunda
1413 912 1614 950 persona:

178 945 227 987 ui
248 947 289 987 δὲ
309 947 476 1000 ιῗμὲτερα
505 948 635 991 αὐτῶν
666 949 954 1000 ἀπολωλεκότες
972 950 1178 1002 κάθησθε.
1209 961 1252 992 et
1272 953 1437 1006 saepius
1460 955 1542 993 itat
1573 964 1617 994 et

179 1002 222 1040 in
245 1016 292 1042 ea
312 1002 414 1057 πρός
432 1002 506 1055 τήν
535 1008 738 1049 Φιλίππου
759 1006 968 1058 ἐπιστολήν
998 1006 1181 1048 eiusdem
1213 1009 1415 1053 oratoris:
1445 1009 1557 1062 ἡμεῖς
1575 1011 1616 1052 δὲ

177 1067 256 1097 etc.
287 1058 404 1102 οὐδὲν
432 1061 631 1110 ποιοῦντες
664 1060 812 1105 ε’νθοὲδε
845 1061 1092 1119 καθήμεθα,
1122 1064 1331 1119 μέλλοντες
1356 1064 1432 1109 αἐί.
1462 1075 1506 1106 et
1522 1067 1616 1120 περὶ

177 1117 444 1171 Παραπρεσβ.
474 1112 699 1170 καθήμεθα
719 1121 763 1162 ἐν
783 1122 936 1176 Πέλλῃ.
993 1121 1120 1163 Imm.

861 1192 928 1230 90.

277 1250 480 1306 θρανίον]
513 1252 603 1295 MS.
633 1262 848 1293 accentum
873 1254 919 1294 in
949 1253 1083 1308 prima
1114 1252 1243 1294 habet
1269 1251 1455 1310 θρᾶνιον.
1484 1255 1610 1298 Iunc.

286 1304 465 1361 θράνος]
500 1309 592 1348 MS.
622 1310 786 1364 19'952'2103.
819 1319 859 1350 et
890 1324 987 1350 mox
1009 1309 1188 1363 ἕδρανον.
1244 1310 1380 1352 Iunc.

175 1419 235 1457 ³5⁸
278 1360 463 1460 ἕρξέκὲῖ]
507 1364 690 1418 Quando
717 1367 856 1421 agitur
884 1366 937 1406 de
954 1365 1054 1405 Diis
1083 1367 1216 1405 'Pensa
1238 1365 1395 1410 dicitur
1420 1366 1466 1406 in
1492 1367 1612 1406 Glos-

284 1487 350 1529 καὶ
367 1489 507 1541 δίφρος
529 1485 640 1542 ὀκλ.]
671 1487 907 1543 Marginale
935 1496 999 1528 est
1029 1487 1079 1529 C.
1111 1488 1159 1529 A.
1197 1503 1332 1544 usque
1356 1489 1408 1530 ad
1430 1487 1611 1547 ὁπομόχ-

175 1548 320 1599 θηρον.
379 1544 437 1582 Et
468 1541 514 1585 C.
548 1543 600 1587 V.
636 1543 706 1583 hic
727 1543 853 1584 habet
870 1541 1070 1593 ὀκλαδίας.
1129 1545 1308 1586 ΚυΕΗΝ.

283 1612 350 1651 καῖ
379 1612 518 1664 δίφρος
546 1608 662 1665 ὀκλ.]
703 1612 793 1654 MS.
825 1612 968 1664 δίφρος
1003 1610 1026 1653 o'
1052 1612 1225 1661 κλαδίας.
1258 1611 1433 1652 omnino
1466 1614 1612 1667 δίφρος

172 1662 360 1716 ὀκλαδίας
387 1666 634 1721 legendum,
663 1677 713 1706 ut
738 1667 860 1706 etiam
882 1669 940 1707 H.
973 1668 1110 1720 steph,
1144 1667 1195 1706 ad
1218 1682 1330 1708 oram
1354 1668 1514 1708 codicis
1542 1669 1610 1709 sui

174 1717 245 1759 hic
266 1721 500 1768 adnotarat.
523 1732 564 1763 et
583 1723 824 1775 Leopardus
841 1723 900 1763 II.
932 1723 1108 1764 Emend.
1139 1722 1178 1765 8.
1209 1735 1338 1778 quum
1361 1734 1481 1765 antea
1502 1728 1609 1766 male

173 1775 366 1817 ederetur
388 1777 591 1826 ὅκλασίας.
648 1781 743 1832 lpse
767 1787 909 1818 noster
930 1793 1100 1820 monere
1120 1778 1171 1819 de
1190 1795 1237 1820 ea
1259 1794 1303 1819 re
1322 1781 1468 1836 potuit
1495 1781 1607 1820 infra

171 1827 228 1879 Χ,
259 1833 326 1883 47.
357 1834 432 1873 ubi
453 1834 498 1873 in
521 1833 621 1881 MS.
653 1838 761 1875 clare
781 1837 915 1889 δίφροι
936 1833 1133 1879 ὀκλαδίαι.
1163 1838 1393 1890 Etymolog.
1422 1839 1607 1887 Κληῖδες,

171 1895 214 1941 ᾳὶ
236 1887 317 1931 τὀῗν
333 1886 577 1944 ἕρεσσᾶντων
609 1892 817 1946 καθέδραι,
847 1889 961 1944 napo?
976 1891 1048 1942 τήν
1072 1889 1215 1935 κλάσιν
1234 1896 1316 1934 ταῖν
1340 1891 1530 1947 γονάτων,
1557 1891 1608 1942 ἣν

171 1945 377 2038 ῗοιοῧνται
397 1951 435 1988 οἱ
457 1943 726 2000 καθεζόμενοι.
758 1947 879 1990 ε”νθέν
899 1951 967 1991 καὶ
986 1947 1183 2000 ὀκλαδίαι,
1206 1953 1245 1991 οἱ
1259 1950 1437 2004 ταπεινοὶ
1455 1950 1605 2003 δίφροι.

196 2013 401 2040 uNGERm.

181 2055 187 2062 ”
281 2052 499 2109 ὀκλαδίας]
530 2056 595 2096 Ita
633 2071 710 2097 scr.
742 2072 819 2111 pro
848 2056 1060 2109 ὄκλασίας,
1100 2058 1370 2099 monentibus
1397 2059 1604 2112 Leopard.

171 2111 346 2152 Emend.
377 2111 451 2152 lib.
484 2112 540 2151 ΙΙ.
571 2127 661 2165 cap.
692 2112 731 2154 8.
759 2123 801 2153 et
819 2113 930 2168 Sylb.
963 2115 1014 2154 ad
1034 2130 1147 2156 oram
1168 2115 1233 2155 sui
1255 2115 1367 2156 libri.
1424 2114 1522 2158 San.

282 2174 492 2232 ὀκλαδίας]
531 2178 718 2229 ὀκλαδίας
744 2180 852 2220 bene
873 2182 998 2221 etiam
1031 2182 1296 2222 doctissimus
1333 2182 1528 2222 Cantor-us
1552 2182 1604 2222 ad

171 2249 283 2275 oram
305 2235 373 2274 sui
393 2235 492 2275 libri
514 2249 589 2288 pro
612 2236 742 2286 priori
763 2235 955 2286 ὅκλασίας
977 2237 1212 2291 adscripsit,

278 2288 544 2345 σκιλύθριον]
583 2291 653 2333 Sic
683 2291 793 2330 infra
820 2307 986 2347 quoque
1014 2294 1121 2342 VII,
1156 2293 1243 2335 182.
1270 2303 1311 2334 et
1342 2293 1397 2342 X,
1431 2292 1497 2334 48.
1532 2293 1604 2333 sed

171 2346 270 2393 VH,
305 2359 394 2388 112·
426 2346 661 2402 σκολύθρια.
692 2361 798 2401 quae
818 2363 912 2387 vera
936 2349 1126 2404 scriptio,
1156 2349 1363 2403 probante
1382 2350 1603 2402 Leopardo

171 2402 452 2449 Emend.,1ib.
484 2404 541 2442 Π.
573 2418 662 2456 cap.
694 2409 732 2449 ὅ.
791 2404 888 2445 San.

279 2466 551 2524 σκελύθριον]
583 2471 629 2510 C.
655 2470 703 2512 V.
736 2485 811 2524 pro
831 2469 1071 2523 οκελιῖθριον
1090 2474 1170 2525 leg.
1208 2469 1431 2514 σιελὺθιον.
1463 2471 1509 2514 ro*
1529 2471 1604 2527 γοῖρ

168 2522 407 2580 σκελὺθριον
439 2527 614 2566 recurrit
641 2525 878 2580 σκελύθριον
911 2529 1022 2566 infra
1051 2527 1105 2578 X,
1137 2526 1203 2569 48.
1237 2529 1427 2582 quamvis
1456 2530 1603 2569 MSSti
