1670 2938
197 125 280 166 736
823 118 899 160 IV.
955 123 1024 164 87.

202 248 288 286 cen,
318 241 361 273 et
389 233 573 284 Glossae‚
605 233 792 284 Salpina
817 230 1022 288 ῥάπισμα,
1055 232 1155 288 quia
1177 226 1331 274 buccis
1354 223 1513 274 inflatis
1531 246 1646 274 more

199 290 438 331 tubicinum
461 289 675 344 infligitur
693 285 890 342 ῥάπισμα.
949 291 1135 330 Romu«.
1322 287 1324 289 ¹

311 346 532 399 σαλπίζειν]
582 347 674 386 MS.
715 348 956 389 σαλπίττειν.
1003 347 1027 390 o‘
1059 344 1101 388 δ’
1134 346 1203 388 ἐπὶ
1227 364 1263 389 τ.
1306 340 1408 385 ind&
1443 343 1644 384 nimirum

196 412 320 498 {ntea
359 416 487 457 segm.
535 400 727 457 praeced.
768 398 975 457 σάλπιγμα
1014 403 1125 454 fuit,
1161 412 1204 442 et
1237 400 1366 442 modo
1405 399 1642 453 σαλπικτής.

223 472 422 501 UNGERM.

308 528 445 581 ἱεροῖς,
462 525 803 582 ἱεροσαλπιγκτής.
827 528 934 580 etc.]
965 527 1012 569 C.
1034 526 1084 567 V.
1116 523 1431 579 ἱεροσαλπικτής.
1457 528 1641 569 nonan.

306 585 441 638 ἱεροῖς,
470 578 813 638 ἱεροσαλπιγκτής.
845 585 951 637 etc.]
980 585 1046 633 Ita
1078 583 1122 622 in
1151 583 1243 623 MS.
1275 585 1421 637 ἱεροῖς,
1453 587 1644 638 ἱεροσαλ-

194 636 352 691 πικτής.
384 640 550 691 ἄμεινον
578 643 620 683 δὲ
648 639 854 683 λυσάντων
884 641 1058 694 τοῦνομα
1076 634 1122 682 το“
1140 642 1455 695 ἱεροσαλπΙκτης,
1486 639 1640 694 quibus

194 697 335 740 verbis
352 697 447 739 MS.
481 696 526 735 in
545 696 628 737 hoc
647 698 789 751 capite
806 697 927 750 finit,
956 707 997 738 et
1017 696 1160 735 statim
1183 695 1358 735 subiicit
1383 708 1489 752 quae
1506 709 1637 749 segm-

195 768 261 809 9¹·
294 753 344 793 de
362 751 503 810 κήρυξι
522 764 769 810 sequuntur.
807 754 960 794 Paucis
983 754 1126 807 itaque
1151 755 1323 807 vulgata
1342 749 1638 806 percurrenda.

193 812 424 851 Iunonum.

304 866 570 923 σὰλπιγκτής]
612 867 661 909 C.
692 867 746 908 V.
776 863 1004 917 σαλπικτής.
1043 865 1216 903 Glossae
1242 865 1442 905 Veterum
1464 872 1508 916 et:
1541 866 1640 905 σαλ-

195 924 362 980 πιγκτής
390 936 432 964 et
459 923 681 974 σαλπικτής
704 933 954 978 agnoscunt.
991 922 1199 974 Hesychia
1222 934 1371 974 praeco
1390 919 1551 959 dicitur
1569 937 1637 962 σι-

188 979 470 1037 γηνοσάλπιγξ.
514 991 723 1021 caeterum
763 994 871 1035 quae
911 988 1150 1035 sequuntur
1190 976 1398 1017 historiae
1432 975 1587 1015 absunt
1614 990 1636 1014 a

193 1039 242 1078 C.
273 1042 321 1080 A.
352 1038 534 1079 Kumm.

301 1103 717 1162 οἷριστοσαλπιγκτοῖς]
771 1101 1179 1158 οἷριστοσαλπιγκτής,
1221 1101 1282 1142 ait
1318 1105 1374 1143 H.
1415 1099 1553 1153 steph.
1589 1099 1635 1138 in

191 1161 317 1203 Thes.
355 1164 607 1214 simpliciter⁶
628 1162 868 1214 accipiendo
905 1162 1068 1200 videtur
1097 1174 1267 1211 sonare,
1309 1157 1635 1197 Praestantissi-

190 1234 280 1258 mzcs
299 1220 478 1259 tubicen.
535 1219 712 1258 Mallem
738 1231 790 1257 ex
818 1218 1091 1271 sequentibus
1122 1214 1270 1271 λῃστοῖς
1291 1210 1537 1267 σαλπιγκτάς
1557 1225 1634 1251 nos

191 1274 294 1330 quid
325 1274 550 1315 docuisset.
581 1289 658 1314 nec
694 1274 804 1313 enim
831 1277 1016 1313 latrones
1047 1273 1259 1312 tubicines
1290 1272 1350 1310 sic
1374 1269 1527 1317 dictos,
1560 1267 1633 1307 sed

190 1333 297 1371 alios
318 1331 484 1387 aliquos
503 1330 619 1370 istud
638 1329 749 1377 τινοὲς
775 1329 963 1369 indicare
997 1329 1179 1369 videtur.
1213 1326 1319 1382 quid
1338 1325 1446 1365 mihi
1473 1323 1634 1364 incide-

190 1388 288 1440 bat,
320 1397 368 1427 ut
394 1388 548 1428 referre
568 1386 817 1441 indignum,
846 1396 980 1428 taceo.
1039 1385 1167 1426 Iume-

301 1452 446 1511 λῃστοῖς
479 1453 766 1508 σαλπιγκτάς.]
819 1454 888 1492 Ex
928 1451 1196 1506 praecedenti
1218 1441 1630 1504 ὀἷριστοσαλπιγκτοῖς

190 1511 440 1553 coniecerim
481 1511 705 1567 legendum
743 1524 831 1551 esse
871 1506 1242 1564 λῳστοσαλπιγκτοῖς
1277 1508 1346 1545 vel
1379 1503 1551 1559 λῴστους
1592 1520 1630 1545 ⁶·

189 1568 304 1624 quod
333 1569 520 1623 explicat
547 1582 623 1623 per
649 1564 1044 1622 α’ριστοσαλπιγκτοὶς.
1086 1566 1223 1604 Vates.
1253 1561 1359 1617 legit
1388 1564 1632 1611 ληϊστοσαλ-

188 1623 357 1681 πιγκτοῖς
380 1640 431 1664 ex
453 1625 673 1678 HesychiO,
707 1624 782 1678 qui
803 1623 1048 1675 Tyrrhenos
1069 1621 1128 1660 ait
1150 1621 1287 1659 dictos
1314 1614 1631 1669 ληϊστοσᾶλπιγ-

186 1693 282 1738 γἀς,
333 1681 448 1736 quod
500 1681 754 1722 inventione
807 1679 933 1720 tubae
984 1678 1243 1719 celebrentur
1287 1683 1330 1715 et
1376 1671 1629 1714 latrociniis.

185 1741 363 1779 limum.

297 1801 498 1861 γλευκεῖόν
515 1804 583 1857 τι]
618 1805 831 1845 Glossema
855 1812 915 1843 est
933 1817 956 1843 e
976 1802 1164 1858 margine
1186 1802 1230 1840 in
1252 1809 1415 1840 textum
1438 1798 1626 1840 veniens.

186 1865 326 1902 solent
355 1862 465 1901 enim
500 1861 653 1900 Graeci
680 1861 935 1899 recentiores
967 1860 1091 1899 verba
1125 1858 1230 1897 haec
1258 1852 1464 1912 γλῦκυσμοὶ
1491 1873 1531 1897 τι
1561 1856 1629 1893 vel

185 1915 366 1973 γλυκεῖάν
385 1937 425 1960 τι
451 1916 528 1972 (ita
553 1919 664 1956 enim
687 1928 728 1956 et
750 1917 831 1956 hoc
852 1920 949 1955 loco
977 1914 1216 1970 legendum)
1250 1926 1462 1966 apponere
1487 1911 1629 1949 histo-

186 1975 260 2014 riis
293 1973 509 2012 recreandi
538 1973 708 2013 lectoris
738 1974 873 2026 gratia
907 1973 1079 2012 insertis
1111 1970 1296 2011 orationi
1324 1982 1399 2023 per
1419 1981 1464 2007 se
1483 1965 1629 2006 horri-

187 2029 300 2070 diori
323 2040 365 2070 et
383 2029 566 2069 insuavi.
622 2029 808 2070 KUEHN.

295 2094 494 2154 γλευκεῒόν
510 2098 566 2150 τι]
585 2100 625 2139 εἰ
639 2099 681 2139 δὲ
703 2101 764 2139 δεῖ
776 2098 973 2152 γλευκεὶον
992 2114 1028 2138 τι
1048 2096 1105 2151 τῷ
1127 2093 1282 2150 ὀργοῖνῳ
1302 2091 1519 2146 παραμίξαι
1529 2095 1624 2144 γλυ-

186 2151 333 2206 κύτητα
359 2155 553 2206 ἱστορίας.
612 2154 672 2193 Νἰ
705 2155 852 2205 fallor,
892 2154 1096 2193 correctio
1129 2166 1225 2191 vera
1253 2148 1361 2187 mihi
1391 2147 1466 2187 sub
1496 2161 1624 2186 manu

185 2221 285 2251 nata
307 2220 383 2251 est.
441 2211 583 2265 Lego:
618 2212 759 2264 γλυκεῖ
775 2210 861 2252 ὄντι
882 2211 935 2263 τῷ
954 2205 990 2252 0'.
1049 2210 1173 2250 Imm.

296 2263 497 2321 γλευκεῒόν
523 2266 584 2318 τι]
613 2267 966 2319 Falckenbargius
998 2280 1049 2305 ex
1081 2264 1209 2303 MSto
1238 2261 1366 2300 habet
1385 2255 1547 2314 α’γλεῒόν
1565 2275 1620 2310 τι,

185 2323 300 2381 quod
318 2337 450 2378 aeque
470 2332 628 2362 rectum
654 2332 759 2375 puto
786 2337 831 2360 ac
854 2326 1068 2376 vulgatum
1094 2335 1178 2358 non
1203 2320 1368 2356 malum.

297 2393 347 2450 τῇ
364 2389 502 2443 κλήσει
519 2391 598 2433 τῶν
617 2388 711 2446 oe’y.]
748 2390 852 2431 Cum
878 2389 928 2428 ad
948 2388 1128 2443 agendas
1160 2394 1294 2439 partes
1321 2398 1415 2423 suas
1440 2383 1622 2438 quisque

186 2458 434 2490 evocaretur
462 2447 508 2486 in
538 2446 771 2496 theatrum,
805 2445 904 2484 tuba
935 2444 1110 2483 sonabat
1145 2442 1222 2481 hac
1252 2439 1302 2479 de
1322 2454 1479 2482 caussa.
1511 2441 1622 2479 Her..

183 2520 284 2545 mon
303 2507 467 2553 autem,
495 2503 647 2544 histrio
678 2501 898 2551 Comicus,
933 2516 1006 2554 per
1025 2509 1178 2539 sortem
1201 2496 1419 2536 coniectus
1446 2496 1489 2534 in
1513 2499 1622 2534 clas-

184 2576 269 2601 sem
302 2561 490 2611 tertiam,
535 2559 632 2603 dum
673 2558 898 2614 primarum
936 2554 1292 2608 secundarumque
1334 2553 1516 2605 partium
1554 2551 1620 2590 hi-

186 2617 368 2658 striones
401 2616 604 2673 agebant,
642 2630 666 2657 e
698 2614 862 2656 theatro
896 2613 1076 2665 abierat,
1108 2611 1224 2652 vocis
1257 2623 1355 2649 suae
1387 2609 1619 2663 periculum
