1670 2938
208 90 290 137 638
801 86 883 126 III.
944 90 1018 132 151
1027 117 1036 127 .

208 197 547 251 Dionysiodoms)
573 205 671 236 sant
691 199 737 236 in
761 199 872 236 omni
884 212 1052 251 pugnae
1069 213 1211 252 genere
1227 202 1457 248 exercitati,
1487 214 1568 240 non
1589 209 1638 241 ut

203 269 287 307 par
299 255 494 307 fratrum
515 254 789 292 Acarnanum
808 256 1220 296 Pancratiascarum.
1278 257 1451 298 Kuzmv.

318 320 433 364 τοῦτο
463 316 651 372 οἷρεστόν]
678 320 739 359 Ut
757 321 913 374 reliqui
934 321 1094 372 MSSti,
1127 322 1184 361 ita
1208 332 1250 362 et
1278 323 1638 376 Falckenburgius

206 376 348 427 habet,
378 376 495 420 τοῦτο
514 373 590 430 γάρ
609 374 721 430 ἔργον
738 390 814 430 pro
840 382 955 420 τοῦτο
977 374 1152 432 ἀρεστόν.

882 444 975 487 151.

318 499 408 556 περὶ
436 496 692 553 πεντάθλου]
738 499 912 540 Titulus
943 498 1070 539 huius
1099 499 1304 543 tmematis
1330 499 1406 541 tali
1437 500 1639 556 congerie

206 556 252 596 in
275 555 371 599 MS.
402 554 604 598 habetur:

749 612 839 666 περῖ
865 608 1107 655 πεντάθλου.

371 668 466 721 περὶ
496 666 739 722 τροχαστῶν.
767 668 859 724 περὶ
884 668 957 711 τοῦ
983 666 1279 722 ἇναδησαμὲνου
1306 665 1374 711 w'v
1398 667 1546 722 οἶγῶνα.

204 725 280 764 ubi
312 723 491 764 notandi
519 726 757 778 τροχασταῖ,
795 738 1042 778 quamquam
1089 738 1234 777 parum
1270 723 1321 764 de
1349 726 1564 777 δρομεῦσιν
1589 721 1635 762 iu

203 780 288 820 hoo
310 789 503 820 tmemate
526 778 711 829 adverto,
738 779 822 818 nisi
843 779 957 834 quod
977 779 1021 818 in
1042 779 1126 820 fine
1144 779 1194 819 de
1215 780 1354 830 ὁπλίτη
1381 779 1528 835 δράμω.
1556 793 1638 818 no-

204 836 358 876 tandus
389 846 431 875 et
459 831 760 889 οἷναὸησᾶμενος
783 834 855 878 τόν
881 834 1041 890 οἷγῶναε
1067 823 1414 890 quemadmodum
1434 822 1640 875 He‘liodo-

204 907 275 931 rus
304 892 445 931 statim
477 891 606 931 initio
635 892 731 933 libr.
765 892 839 932 IV.
866 891 1069 945 Aethiop.
1099 891 1181 932 ait:
1214 890 1382 941 πολλούς
1405 892 1480 943 ἤδη
1499 885 1639 948 πρότε·

204 965 276 1003 ρον
295 946 454 1002 α’γῶνας
469 945 782 1003 ἀναδησάμενος.
810 948 1026 999 Agathias
1042 950 1150 987 solet
1169 947 1306 988 dicere
1331 947 1479 997 πολλαὶς
1502 944 1641 998 ἀνεδή-

204 1021 302 1048 σατο
320 1006 433 1052 νίκας
444 1008 463 1056 ,’
485 1013 534 1042 ut
554 1004 626 1047 lib.
657 1005 714 1046 II.
743 1014 785 1045 et
814 1004 887 1045 lib.
921 1004 996 1043 lv.
1023 1003 1173 1044 histor.
1208 1017 1318 1047 suae.
1377 1004 1502 1046 Imm.

295 1063 386 1103 ’καὶ
403 1059 632 1113 δισκευτοῦ]
665 1059 790 1101 Abest
819 1073 842 1098 a
872 1057 923 1100 C.
958 1058 1011 1101 A.
1068 1059 1241 1101 Humum.

314 1115 339 1159 ό
362 1116 481 1159 πέντε
504 1114 691 1171 ἀγωνιᾷ]
734 1116 780 1157 C.
809 1116 856 1155 A.
888 1114 913 1158 ὅ
941 1114 992 1157 τοὶ
1019 1115 1133 1158 πέντε
1162 1113 1429 1170 ἐργαζόμενος·
1460 1115 1636 1156 KUEHN-

315 1181 342 1226 ὅ
363 1183 479 1226 πέντε
502 1182 680 1237 α’γωνιζῖ]
727 1183 820 1222 MS·
857 1176 883 1224 ὅ
900 1180 952 1224 τοὶ
970 1183 1100 1225 πέντε.
1158 1183 1381 1222 Pentatlzli
1397 1191 1441 1224 et
1456 1183 1641 1222 Artemi-

204 1238 327 1279 dorus
354 1238 547 1279 meminit
571 1239 644 1280 lib.
675 1238 711 1277 Ι.
743 1237 864 1279 Onir.
893 1237 962 1294 59.
994 1238 1068 1277 ubi
1093 1239 1310 1292 Rigaltiua
1335 1241 1547 1279 Pollucem
1572 1237 1642 1279 vi-

205 1294 388 1335 dendum
411 1294 483 1333 hic
500 1293 574 1335 ait.
630 1295 758 1335 IUNe.

314 1353 396 1395 ἴδια
418 1352 460 1392 δὲ
482 1348 620 1404 αὐτῷ]
651 1351 698 1390 P.
728 1353 827 1402 εἴδη.
863 1359 951 1389 tum
972 1347 1092 1388 ambo
1109 1349 1237 1390 MSS.
1267 1348 1405 1393 αὐτοῦ.
1464 1350 1566 1391 SEB.

315 1408 396 1449 ἴδια
415 1406 458 1448 δὲ
482 1401 612 1460 αὐτῷ]
645 1406 693 1448 C.
718 1407 768 1449 A.
799 1409 882 1449 ἴδια
904 1405 1043 1448 αὐτοῦ’.
1101 1405 1274 1446 Konna

315 1465 398 1505 ἴδια
417 1462 459 1504 δὲ
479 1461 610 1517 αὐτῷ’]
641 1463 736 1504 MS.
765 1464 815 1505 ἰ’δ.
845 1465 879 1504 ὃ.
910 1461 1032 1505 αὐτοῦ
1061 1480 1104 1503 π.
1161 1461 1293 1502 IUNG.

313 1515 512 1572 οἷλτικός.]
561 1518 611 1559 C.
641 1518 692 1559 V.
721 1516 907 1569 ἆλτικός,
938 1516 1177 1568 πηδητικῶς.
1204 1515 1373 1565 ᾰλτικῶς
1403 1515 1516 1564 (cum
1533 1515 1640 1570 leni)

203 1577 273 1620 καὶ
288 1574 390 1619 ὅθεν
410 1584 490 1615 etc.
521 1572 601 1628 ἀφ’
618 1572 667 1617 οὗ
683 1585 761 1615 etc.
791 1575 837 1613 in
859 1575 1046 1629 margine
1067 1583 1131 1613 est
1158 1572 1206 1616 C.
1234 1573 1287 1618 A,
1344 1573 1517 1615 Kuman-

313 1639 514 1695 ἄλτικός.]
551 1642 643 1683 MS.
674 1640 886 1682 adverbiis
914 1641 1090 1680 auctius.
1125 1639 1186 1678 sic
1210 1640 1323 1680 enim
1351 1649 1448 1692 post
1478 1636 1642 1687 ἁλτικός

201 1697 356 1739 habet:
385 1698 615 1749 πηδητικῶς
651 1697 834 1748 οἷλτικῶς.
870 1697 1058 1751 quamvis
1089 1695 1189 1733 huic
1221 1696 1370 1734 ultimo
1403 1694 1528 1734 verbo
1568 1694 1640 1733 hie

201 1768 422 1809 nunquam
443 1753 643 1808 adspiret,
672 1753 744 1793 sed
762 1754 850 1793 leni
870 1753 1023 1806 spiritu
1043 1750 1294 1805 insignitum
1311 1750 1477 1791 habeat.
1507 1750 1640 1792 Imm.

310 1818 478 1876 βατήρ.]
517 1821 655 1860 Gloss.
694 1822 839 1867 limen,
871 1818 984 1859 unde
1007 1818 1275 1873 proverbium
1306 1819 1352 1857 in
1378 1819 1467 1869 ipso
1496 1819 1640 1856 limine

200 1881 426 1931 impegisti.
456 1877 505 1919 C.
537 1877 577 1917 V
611 1874 690 1930 ἀφ’
708 1875 757 1919 οὖ
774 1879 843 1918 καῖ
873 1874 920 1918 τό
941 1874 1008 1918 τόν
1035 1880 1071 1929 β.
1104 1893 1137 1916 κ.
1194 1875 1367 1916 Kuzmr.

311 1931 467 1988 βατήρ]
498 1933 568 1973 De
591 1932 739 1986 βατῆρι
759 1931 862 1987 quid
884 1941 927 1972 et
944 1931 1176 1983 Rhodigin.
1210 1931 1260 1970 V.
1292 1929 1439 1983 Antiq.
1473 1928 1535 1970 15.
1563 1927 1638 1967 ubi

200 2000 244 2031 et
272 1988 543 2045 proverbium
580 1988 893 2041 interpretatur.
950 1988 1010 2026 Et
1049 2000 1153 2025 avus
1198 1995 1341 2024 noster
1367 1985 1526 2026 Comm.
1556 1993 1636 2023 utr.

198 2047 304 2101 ling.
338 2058 426 2096 cap.
458 2042 552 2099 926.
585 2043 787 2096 quaedam
807 2058 859 2083 ex
879 2044 962 2084 hoo
981 2050 1173 2082 tmemate
1209 2042 1520 2094 interpretatur.
1560 2039 1636 2079 Ce-

198 2111 334 2144 terum
350 2100 440 2141 MS.
473 2099 544 2138 hic
562 2098 690 2139 habet
710 2099 898 2140 auctius:
931 2097 1003 2152 ἀφ’
1020 2096 1070 2141 οὗ
1084 2097 1152 2139 καὶ
1169 2094 1230 2145 τό,
1252 2094 1320 2138 τδν
1336 2104 1416 2135 etc.
1452 2095 1580 2136 Iuno.

309 2164 357 2211 w*
382 2168 425 2209 δὲ
453 2164 595 2219 μέτρον
626 2167 728 2216 etc.]
778 2165 823 2205 P.
863 2166 995 2204 Faber
1025 2165 1070 2203 in
1101 2177 1176 2203 suo
1199 2164 1447 2215 Agonistico
1471 2161 1547 2202 lib.
1577 2161 1635 2204 11.

200 2239 291 2280 cap.
326 2238 359 2264 1.
390 2237 444 2263 ex
464 2221 546 2261 hoc
574 2223 670 2260 loco
698 2222 880 2260 Pollucis
914 2220 1088 2275 probat,
1120 2216 1410 2258 transcendere
1430 2226 1472 2256 et
1488 2218 1637 2255 transi-

198 2282 278 2322 lire
298 2291 475 2319 scamma
498 2276 670 2316 minime
686 2276 730 2314 in
750 2276 874 2316 laude
892 2277 1077 2330 positum
1098 2275 1252 2324 fuisse,
1285 2271 1633 2326 quemadmodum

199 2335 395 2390 equidem
412 2332 675 2374 existimavit
691 2334 866 2372 Hieron.
897 2334 1075 2370 Mercur.
1105 2330 1178 2372 lib.
1211 2342 1247 2371 2.
1282 2329 1351 2368 De
1369 2337 1458 2367 arte
1479 2328 1635 2380 Gymn.

201 2407 292 2445 cap.
327 2400 390 2432 11.
449 2383 644 2430 Ceterum
681 2387 980 2439 explicationis
1013 2386 1145 2441 gratia
1181 2383 1308 2422 huius
1338 2384 1424 2422 loci
1448 2383 1636 2423 Pollucis

201 2447 301 2488 addi
320 2455 500 2501 possunt
529 2457 634 2499 qaue
662 2442 933 2482 doctissimus
957 2442 1023 2481 vir
1057 2440 1133 2480 sub
1157 2439 1282 2479 finem
1302 2439 1453 2492 capitis
1474 2437 1637 2480 laudati

232 2518 253 2543 a
285 2532 294 2542 .
328 2501 419 2544 215.
449 2497 592 2542 habet.

200 2517 228 2557 p
257 2517 283 2559 g
312 2556 562 2612 ἐσκαμμένα]
595 2557 728 2595 Fossa
750 2553 818 2593 Gl.
850 2551 997 2607 cyrilli
1018 2549 1180 2607 σκάμμα
1191 2551 1368 2610 soesum.
1401 2550 1605 2608 Rumina,
