1690 2944
190 31 272 74 344
822 31 879 73 II.
937 34 1003 76 56.

193 139 353 195 quippe
373 141 446 195 qui
468 142 660 195 exponit,
689 147 727 185 οἱ
759 145 1028 196 φροντίζοντες
1059 148 1154 197 περῖ
1179 145 1228 187 τοὶ
1255 149 1363 189 θεῖα.
1394 147 1501 187 ”sed
1533 163 1626 189 cum

192 198 276 236 late
292 207 434 250 pateat
456 199 534 238 τῶν
552 200 676 240 θείων
695 202 937 252 appellatio,
969 202 1289 256 intelligendum
1312 203 1508 243 existimo
1529 205 1627 243 sim-

193 251 362 305 pliciter
385 267 457 306 per
475 249 529 295 102-
548 257 642 297 θεῖα
660 255 864 294 sacrificia
883 258 1072 297 solennia
1103 259 1297 311 (quorum
1330 260 1500 298 nomine
1526 261 1628 297 mit-

193 307 410 354 tebantu1-‚'
434 310 507 362 qui
536 314 687 363 θεωροὶ
717 310 972 351 vocabantur
997 313 1048 351 ad
1077 312 1341 367 Olympicam
1373 329 1446 353 seu
1470 315 1628 367 Pythi..

193 378 280 418 cam
316 363 612 419 celebritatem)
643 375 716 405 aut
743 367 866 406 etiam
903 368 1097 420 donaria,
1138 385 1242 422 quae
1273 371 1375 409 illuc
1408 371 1625 411 ferebant:

192 419 291 457 item
310 434 460 458 munus
481 421 728 461 consulendi
752 427 978 464 oraculum.
1012 425 1145 479 Quam
1169 427 1478 480 expositionem
1497 427 1626 466 variis

193 489 247 514 ex
271 474 377 513 locis
401 477 557 532 colligo
591 487 670 517 etc.
702 479 757 517 H.
783 480 942 518 Srnrn.

301 535 339 572 οἱ
354 529 432 584 γοῖρ
456 537 652 584 Πυθοῖδε,
680 537 860 589 θεωροὶ]
900 538 1046 575 Pollux
1066 537 1146 576 ista
1172 552 1258 577 non
1280 551 1302 576 a
1318 541 1423 590 θεςῖν
1439 547 1628 589 «spectan-

191 585 244 623 do
265 584 450 633 deducit,
483 604 622 630 verum
639 588 720 633 α’πδ
738 592 810 632 τοῦ
831 590 932 646 πρός
951 591 1047 635 θεόν
1065 589 1231 648 ὀρούειν,
1262 592 1377 647 quod
1406 593 1457 632 ad
1485 595 1626 633 Deum

191 641 382 692 tendant,
419 645 635 687 festinent.
695 648 872 687 Knmm.

300 697 400 752 πρός
417 699 539 757 θεόν]
590 702 637 742 C.
673 703 725 744 A.
756 713 798 743 et
827 704 875 745 V.
905 701 1081 760 πρόσθεν
1106 703 1264 744 habent
1294 717 1372 758 pro
1393 703 1495 759 πρός
1513 702 1629 748 θεόν.

190 752 371 794 ΚυΕΠΝ.
908 800 912 804 ,
1073 801 1077 804 Δ
1182 783 1189 789 -
1519 797 1522 806 ,

299 810 400 866 πρός
427 810 552 866 θεόν]
613 814 824 854 Mendose
862 816 958 857 MS.
1010 816 1080 859 τοῦ
1105 813 1284 869 πρόσθεν
1308 812 1488 870 ὄρούρειν
1527 813 1627 871 (sed

189 867 452 907 emendatum
475 868 525 907 ab
555 870 639 910 alio
664 869 839 926 ὀρούειν)
869 871 954 911 vid.
988 887 1087 913 vero
1116 873 1275 915 Comm.
1308 872 1375 914 avi
1403 887 1440 914 c.
1463 870 1554 913 165.
1585 883 1628 914 et

187 918 366 976 Rlz‘odig.
398 925 519 965 VIII.
552 937 635 968 ant.
658 941 694 982 9.
754 928 887 968 Iuno.
942 923 946 928 ⁵

300 981 498 1038 λέλεκται]
549 983 597 1025 Ρ.
629 983 678 1023 V.
708 984 873 1039 λέγεται.
931 983 1029 1024 81:13.

303 1069 306 1071 -
881 1043 950 1085 56.

299 1090 384 1148 οἷπό
400 1092 526 1147 Mac]
574 1095 691 1134 Haec
716 1109 850 1148 usque
870 1097 921 1134 ad
946 1097 1027 1139 ἔστι
1045 1094 1078 1138 δ’
1098 1099 1140 1138 ἐκ
1161 1096 1232 1138 τοῦ
1246 1096 1415 1150 βλέπειν
1435 1095 1586 1136 absunt
1605 1112 1628 1137 a

190 1146 239 1189 C.
258 1146 311 1202 A.
341 1149 501 1202 Incipit
524 1151 633 1189 enim
651 1167 661 1191 :
692 1149 738 1193 τό
762 1153 803 1193 δὲ
819 1154 976 1206 βλέμμα
993 1150 1280 1206 Ἀριστοᾳάνης
1299 1154 1442 1206 βλέπος
1455 1150 1628 1205 ἐκάλεσε,

189 1205 259 1246 καὶ
289 1209 327 1257 β.
346 1202 383 1247 ἐ.
410 1208 444 1246 δ.
474 1224 508 1247 τ.
535 1211 575 1258 β.
609 1211 649 1257 β.
681 1207 918 1259 ὑποβλέπειν
938 1211 1005 1249 καὶ
1023 1211 1284 1263 περίβλεπτος
1301 1207 1393 1265 παρ’
1410 1204 1625 1266 ’Ῐσοκρᾶτῃ.

187 1274 316 1315 porro
337 1270 512 1316 uterque
524 1261 671 1303 Codex
682 1261 1004 1317 οἷντιβλεφθῆναι
1014 1278 1090 1317 pro
1105 1263 1428 1318 οἷποβλεφθῆναι.
1445 1266 1625 1322 Komm-

299 1325 378 1369 οἷπό
407 1328 531 1382 θέας]
578 1331 661 1369 Pro
690 1330 886 1370 undecim
919 1331 1105 1371 versibus
1135 1332 1407 1385 sequentibus
1442 1342 1628 1371 tantum-

189 1382 314 1423 modo
346 1383 472 1425 habet
500 1386 594 1426 MS.
625 1385 671 1429 τό
697 1390 739 1429 δὲ
762 1388 921 1440 βλέμμα
947 1386 1236 1442 Ἀριστοφάνης
1254 1390 1403 1441 βλέπος
1428 1384 1626 1437 ἐκάλεσεν,

188 1442 258 1482 καὶ
283 1441 487 1494 βλέπησιν.
525 1459 554 1484 ε.
584 1445 618 1484 ὃ.
649 1461 683 1486 τ.
717 1448 781 1498 βλ.
810 1446 989 1497 βλέπειν,
1024 1444 1279 1498 ὑποβλέπειν,
1309 1445 1377 1487 καὶ
1409 1442 1456 1487 τά
1488 1445 1627 1497 ὅμοια·

190 1500 260 1540 καὶ
285 1503 439 1551 περιβλ.
496 1497 628 1540 Iuno.

298 1553 417 1596 οὐσία
436 1551 584 1608 θεατὴ]
614 1557 817 1595 Platonis
833 1552 950 1599 οὐσία
968 1555 1097 1606 {leam}
1115 1555 1189 1594 ubi
1212 1552 1380 1596 exstat?
1412 1556 1518 1595 mihi
1535 1556 1627 1610 qui-

190 1608 281 1650 dem
315 1610 362 1648 in.
389 1609 479 1649 eius
504 1611 702 1661 *Phaedro
731 1626 774 1650 se
796 1612 919 1652 offert
935 1615 1050 1651 locus
1073 1612 1295 1662 eiusmodi,
1331 1626 1451 1666 quem
1485 1612 1626 1652 nescio

191 1663 334 1706 aunon
376 1666 608 1720 respexerit
639 1666 830 1708 Pollux:
874 1668 901 1718 ἦ
937 1667 1012 1723 γάρ
1040 1667 1336 1722 α’χρωμάτιστος
1374 1669 1442 1711 καὶ
1473 1667 1628 1721 οἷναᾳής

189 1720 310 1764 ου’σῖα
343 1721 468 1770 ὅντως
499 1720 603 1764 οὖσα
626 1724 757 1777 ψυχῆς
786 1723 1028 1777 κυβερνήτῃ,
1071 1724 1181 1777 μόνῳ
1226 1724 1359 1780 θεατῇ
1395 1725 1449 1779 νῷ
1468 1725 1624 1780 χρῆται.

190 1776 273 1816 Sed
294 1778 422 1835 θεατῇ
441 1778 501 1816 ibi
521 1778 696 1832 legitur:
727 1794 779 1818 nn
807 1780 951 1833 itaque
979 1772 1134 1820 Pollux
1153 1782 1273 1834 legit,
1303 1782 1448 1836 ψυχῆς,
1478 1786 1628 1833 κυβερ-

189 1830 286 1888 νήτῃ
307 1832 417 1889 μόνῳ
439 1833 569 1883 &satri
595 1835 650 1888 νῷ
665 1836 819 1888 χρῆται.
859 1836 910 1875 de
935 1851 1018 1890 quo
1043 1837 1134 1877 Viri
1166 1836 1281 1876 docti
1308 1846 1514 1878 statuant:
1547 1851 1625 1891 ego

191 1888 302 1928 enim
326 1889 377 1929 de
397 1890 506 1929 tanti
525 1889 776 1943 philosophi
797 1895 894 1931 loco
923 1893 1036 1931 nibil
1063 1907 1295 1946 praesumo.
1352 1893 1482 1933 Imm.

301 1943 577 1998 συνθεάτρια]
631 1947 749 1986 Infra
791 1949 1072 2000 Aristophani
1104 1948 1372 1995 attribuitur,
1411 1950 1496 1997 IV,
1535 1961 1628 1990 121.

188 2007 232 2040 et
258 2000 335 2047 VI,
371 2000 460 2042 158.
490 2004 716 2056 locumque
739 2018 791 2042 ex
818 2005 915 2043 MS.
947 2006 1154 2058 proferam
1184 2004 1235 2043 ad
1264 2005 1316 2055 X,
1345 2004 1411 2058 67.
1469 2005 1597 2048 Iunc.

299 2056 590 2112 ᾰναβλὲμματα
620 2060 744 2113 Myse]
800 2062 926 2101 Forte
955 2061 1109 2100 rectius
1143 2060 1391 2114 distinguas,
1423 2059 1628 2113 οἷναβλὲμ-

187 2130 294 2166 ματα
313 2116 431 2168 λέγει,
459 2113 611 2165 α’ντιβλ.
642 2129 727 2153 non
747 2116 858 2155 enim
880 2117 939 2155 ita
961 2120 1087 2170 longe
1107 2116 1157 2156 ab
1179 2116 1305 2155 initio
1327 2118 1379 2156 L.
1407 2117 1454 2155 de
1477 2117 1627 2156 Venat.

190 2179 252 2209 est
273 2167 599 2224 α’ντιβλεμμοῖτων
629 2170 873 2223 apud‘Xen..
931 2173 1056 2212 IUNG.

301 2222 648 2280 οῗηοβλεπόμενοι]
698 2228 1052 2281 Falekenbzbrgius
1084 2222 1408 2279 οἷναβλεπόμενοι.

297 2282 584 2337 περίβλεπτος]
633 2283 759 2322 [socr.
790 2283 964 2324 Archid.
996 2298 1089 2337 pag.
1114 2282 1205 2324 522.
1233 2282 1306 2320 ubi
1326 2281 1469 2321 eodem
1493 2282 1625 2336 signi·

192 2336 320 2378 ficatu
347 2349 390 2379 et
418 2341 641 2391 περίοπτος.
688 2337 956 2390 Chrysostom.
1000 2338 1050 2378 de
1079 2337 1231 2377 sacerd.
1264 2352 1358 2392 pag.
1382 2339 1445 2393 95.
1480 2341 1556 2390 (οἱ)
1586 2341 1627 2387 ἐξ

191 2392 360 2447 εὐτελῶν
378 2397 446 2438 καῖ
463 2396 618 2446 α’τίμων
636 2394 785 2446 ἔντιμοι
805 2399 873 2436 καὶ
892 2398 1144 2448 περίβλεπτοι
1165 2393 1373 2448 γεγονότες.
1433 2393 1532 2437 Sne.

300 2448 546 2506 Ἰποκράτει]
574 2448 793 2501 Ἰσοκράτει
812 2451 893 2500 (sic
913 2451 1022 2490 enim
1047 2450 1200 2501 scribe)
1231 2451 1391 2489 scilicet
1413 2460 1518 2489 orat.
1538 2453 1627 2504 περὶ

191 2505 362 2562 ζεύγους.
394 2516 442 2546 ut
457 2507 620 2549 Comm.
648 2506 716 2545 avi
740 2505 931 2544 indicant
955 2522 992 2547 c.
1021 2520 1107 2556 171.
1139 2516 1199 2545 est
1232 2516 1273 2545 et
1303 2506 1346 2544 in
1372 2506 1626 2546 Archidamo
