1670 2938
137 118 219 159 624
738 112 820 153 ΙΙΙ.
881 116 972 158 139.

249 222 476 292 ἑστιασεις]
525 225 728 276 Interpres
757 225 862 280 legit
888 223 1048 276 στάσεις
1077 234 1237 279 status,
1267 226 1408 267 malim
1441 223 1567 269 αἰτιᾶ-

138 300 222 333 σιις
248 285 583 332 ονίηιίηαιιοηεε,
633 286 943 346 accusationes,
990 283 1088 336 quia
1118 283 1331 337 praecedit
1359 284 1476 325 αι’τία.
1507 284 1566 322 ita

139 341 249 378 infra
283 338 410 386 VIII,
443 335 508 377 50.
549 334 743 385 αἰτιάσεις
777 339 846 379 Gl.
891 340 1078 379 Veterum
1117 342 1293 389 αἰτίασις
1336 342 1563 390 accusatio,

139 396 383 448 conquestio,
415 395 636 433 incusatio.
689 394 866 436 Kumm.

248 457 455 512 ἑστιάσεις]
484 460 678 507 ἑστιάσεις
695 462 991 513 Antiphontem
1010 459 1165 502 dixisse
1187 460 1237 501 de
1257 460 1564 502 criminationi·

137 516 215 556 bus
245 518 314 556 vel
345 515 704 564 accusationibus,
735 517 841 555 mihi
868 531 953 556 non
977 511 1025 555 fit
1046 517 1293 568 verisimile3
1323 532 1398 558 nec
1419 528 1565 571 putem

139 588 162 612 a
184 571 395 612 conviviis
426 571 478 610 ad
501 571 613 610 rixas
644 574 769 611 etiam
798 582 1000 624 tractum,
1033 573 1221 626 quamvis
1252 573 1349 612 illae
1374 587 1497 627 saepe
1517 573 1565 612 in

137 628 352 668 conviviis
385 628 589 668 oriantur.
647 626 762 681 Quid
798 628 949 668 iocor?
989 629 1092 668 libet
1125 629 1377 679 coniectari,
1405 644 1491 669 non
1515 637 1564 668 ut

136 684 241 724 bene
263 697 325 723 me
348 697 471 737 posse
489 683 630 732 sciam,
662 684 732 724 sed
753 694 799 723 ut
821 685 925 723 alios
945 685 1017 739 qui
1040 683 1142 723 bene
1161 694 1336 737 possunt
1353 688 1563 727 lacessam.

137 739 240 795 quid
263 739 299 777 si
321 738 462 794 itaque
485 736 681 788 ἐσιάσεις,
713 750 762 779 ut
783 739 825 778 id
849 740 899 779 ab
922 743 1065 806 εἴσειμι
1084 740 1394 791 deduceremus,
1424 754 1564 796 quem.

137 794 362 835 admodum
381 795 545 837 εἰσιέναι
562 812 731 849 γραᾳην,
760 798 850 850 περῖ
866 795 1022 851 γραφῆς
1049 807 1090 836 et
1105 796 1205 834 talia
1227 795 1312 835 dici
1346 773 1564 839 adnotant,

136 852 297 893 Vereor
333 860 471 890 tamen
501 865 554 890 ne
583 852 703 892 valde
731 851 882 907 θερμον
914 853 995 892 hoc
1026 852 1107 903 sit,
1137 861 1178 891 et
1203 851 1315 904 quod
1353 866 1445 890 cum
1473 853 1565 906 ipse

125 907 244 947 ‘mihi
272 920 357 945 non
388 906 584 960 probem,
614 922 691 948 nec
715 911 824 947 ullus
861 908 941 947 sibi
970 908 1091 947 alius.
1133 907 1235 961 quid
1263 907 1408 962 itaque
1438 908 1474 947 si
1502 910 1563 950 ἐν·

137 958 318 1011 στάσεις-ς
349 976 425 1002 nec
454 962 535 1002 hoc
562 966 712 1016 placet.
770 964 913 1004 Lubet
948 973 1108 1004 tentare
1137 972 1178 1002 et
1199 963 1338 1015 tertio,
1368 973 1410 1004 et
1428 962 1563 1004 audeo

136 1018 351 1059 adfirmare
383 1032 446 1058 me
475 1019 668 1071 proxime
697 1034 871 1072 scopum
904 1020 1105 1075 tetigisse.
1160 1019 1305 1073 Lego:
1353 1018 1562 1069 αἰτιάσεις.

134 1076 276 1115 Placet
295 1072 378 1112 hoc
397 1074 471 1125 ita,
501 1083 550 1113 ut
565 1075 679 1127 prius
701 1078 854 1129 scripta
883 1090 968 1115 non
992 1076 1149 1128 scripta
1172 1076 1310 1116 velim.
1367 1076 1435 1114 En
1452 1076 1565 1116 enim

136 1131 197 1170 ita
224 1131 267 1169 et'
302 1131 519 1168 Platonem
547 1134 735 1170 locutum
769 1132 944 1171 invenio
975 1132 1155 1171 inferius
1193 1130 1320 1182 VIII,
1351 1130 1415 1174 50.
1470 1133 1565 1172 Imo

88 1184 91 1187 ⁵
137 1187 273 1240 ipsum
292 1186 586 1237 Antiphontem
607 1186 735 1239 dabo,
766 1202 789 1226 a
818 1188 979 1227 Nostro
1000 1186 1232 1228 laudatum.
1290 1187 1332 1226 Is
1351 1188 1568 1240 Antiphon

137 1257 185 1283 ea
210 1242 299 1293 περὶ
320 1241 388 1283 τοῦ
406 1242 593 1295 χορευτοῦ
608 1243 719 1282 forte
742 1242 869 1282 initio
893 1243 967 1293 ait,
996 1261 1020 1293 η
1041 1245 1112 1296 μὲν
1135 1260 1211 1297 γαο
1235 1259 1374 1286 τουτου
1391 1246 1568 1293 αι’τίασις

135 1293 208 1342 ov'u
236 1297 317 1365 ἔχει
342 1298 416 1339 νῦν
443 1300 561 1347 τέλος,
592 1296 685 1341 ἀλλ’
714 1302 755 1341 ἐν
786 1294 878 1352 υμῖν
902 1301 987 1341 ἐστι
1013 1300 1081 1340 καὶ
1111 1317 1158 1367 ²33
1188 1302 1290 1354 δίκῃ.
1321 1309 1363 1338 et
1380 1304 1474 1355 περῖ
1493 1318 1564 1343 του

134 1352 331 1426 Ἡρωδου
342 1351 463 1420 φόνου
495 1353 604 1394 idem
636 1364 796 1395 orator:
827 1351 917 1397 ἀλλ’
939 1358 997 1403 εἰς
1013 1357 1086 1421 ungu
1106 1355 1153 1396 τό
1161 1353 1415 1422 παραχρῆμα
1432 1358 1567 1409 κρεῖσ-

136 1427 208 1454 σον
231 1407 258 1460 ἦ
283 1427 327 1452 το
348 1405 519 1461 αληθὲς,
551 1413 620 1452 και
648 1410 695 1453 τό
719 1412 974 1465 γεγενημένον
1003 1411 1074 1461 τῆς
1099 1405 1249 1453 τούτων
1272 1409 1492 1460 αἰτιάσεως.
1522 1421 1566 1452 et

136 1466 277 1507 eadem
310 1467 398 1506 fere
429 1476 610 1506 extrema
637 1466 778 1506 eadem
806 1467 930 1507 verba
963 1467 1051 1517 fere
1078 1481 1195 1533 quae
1199 1481 1250 1506 ex
1267 1470 1396 1506 altera
1414 1467 1564 1509 attuli:

134 1541 159 1574 η
184 1524 256 1575 μὲν
283 1518 532 1618 γοῖρΙτούτων
561 1524 729 1572 αἰτίασις
753 1521 827 1567 οὐκ
849 1522 927 1578 ἔχει
946 1523 1075 1575 τέλος,
1105 1520 1195 1565 ἀλλ’
1214 1525 1258 1566 ἐν
1276 1522 1374 1577 ὑμῖν
1395 1524 1478 1566 ἐστὶ
1496 1525 1567 1566 καὶ

134 1579 184 1638 τῇ
203 1580 292 1636 δίκῃ
382 1591 470 1619 uno

245 1641 472 1698 ἑστιασεις]
511 1645 797 1686 Doctissimus
828 1659 994 1701 quoque
1016 1645 1214 1685 Canterus
1232 1643 1283 1684 ad
1305 1645 1478 1687 Codicis
1497 1647 1566 1686 sui

102 1699 104 1701 ’
137 1717 251 1743 oram
269 1700 464 1752 αἰτιάσεις
489 1716 565 1755 pro
598 1701 815 1754 ἑστιάσεις,
843 1702 956 1759 quod
985 1705 1124 1743 locum
1144 1701 1215 1742 hic
1231 1704 1393 1742 nullum
1414 1701 1567 1744 habere

134 1758 319 1813 videtur,
349 1758 585 1813 adscripsit.

244 1880 473 1936 ὃιαβόλως]
518 1880 586 1921 Ad
613 1829 899 1936 διαβόλωςῃέθί..
925 1883 1063 1935 steph.
1093 1879 1316 1924 adnotavit
1333 1881 1407 1923 hic
1423 1884 1567 1922 crimi-

133 1952 237 1979 nose.
294 1940 425 1982 Iuno.

243 2005 419 2062 ὕποχος]
458 2004 631 2060 ὕποχος,
660 2018 737 2060 pro
771 2020 822 2047 eo
855 2006 927 2061 qui
958 2007 1095 2049 αἰτίαν
1121 1999 1281 2059 ὖπὲχει,
1319 2004 1566 2073 notandum,

134 2073 264 2118 quum
287 2073 329 2102 et
348 2077 399 2103 eo
420 2061 657 2102 Thesaurus
685 2063 886 2116 Stephani
904 2071 1052 2102 careat.
1111 2062 1239 2104 que.

807 2134 900 2173 140.

242 2180 645 2242 περὶοὲγωνοθετων]
677 2185 724 2227 C.
756 2185 804 2226 A.
834 2188 927 2240 περὶ
950 2185 1110 2239 οἶγᾰῐνος.
1168 2181 1348 2224 Kotmr.

241 2245 336 2307 περὶ
364 2242 664 2296 α’γωνοθετοῒν]
704 2240 791 2280 Iam
824 2240 990 2281 tandem
1012 2238 1062 2280 ad
1082 2238 1175 2282 MS.
1205 2249 1392 2278 nostrum
1414 2238 1487 2294 qui
1506 2247 1566 2279 ta-

131 2301 212 2341 lem
233 2297 306 2338 hic
325 2297 453 2339 habet
473 2299 663 2338 titulum:
695 2298 801 2352 Περὶ
826 2296 996 2352 αγῶνος.
1055 2296 1182 2337 IUNG.
1630 2346 1645 2358 Γ

240 2364 515 2433 ἀγωνοθέται]
552 2365 616 2404 Gl-
649 2366 899 2403 Munerarii.
933 2365 980 2405 C.
1012 2364 1063 2404 A.
1093 2359 1404 2418 αγωνομοθεᾞται
1438 2376 1566 2416 quare
1630 2400 1631 2404 ,

133 2422 274 2464 fuerit
293 2420 460 2477 α’γοὶνων
489 2421 723 2488 νομοθέται,
754 2429 804 2458 ut
833 2434 931 2459 mox
963 2416 1129 2474 α’γώνων
1158 2419 1355 2460 omes-mc
1386 2419 1566 2460 Phavor.
1628 2426 1630 2435 ²

131 2477 361 2532 distinguit
378 2479 488 2520 inter
505 2476 762 2530 ἀγωνοθέτην
784 2485 825 2514 et
843 2473 1112 2540 Ἀθλοθ-ἐτῃν.
1170 2475 1346 2513 Komm-

240 2535 470 2584 διαθέται]
495 2535 596 2575 Post
621 2532 806 2576 διαθεται
831 2532 1023 2585 sequitur
1051 2532 1094 2569 in
1120 2530 1210 2571 MS.
1241 2540 1282 2569 et
1319 2530 1567 2595 simpliciter
1625 2547 1627 2573 ς

130 2590 330 2643 διαθέται,
353 2590 474 2646 quasi
493 2599 535 2631 et
556 2589 637 2630 hoc
657 2587 826 2631 verbum
849 2587 1004 2643 absque
1025 2583 1186 2643 oz'yoivwv
1206 2589 1274 2629 vel
1295 2586 1424 2626 simili
1446 2603 1566 2642 προσ-
