1670 2938
122 63 205 106 840
270 64 272 68 ⁴
727 59 804 102 IV.
864 63 957 104 168.

133 172 369 225 Leopardus
393 171 555 213 XVIII.
585 172 677 212 Em.
701 170 767 213 25.
829 170 944 225 Quid
964 171 1072 212 enim
1087 171 1108 210 ?
1139 169 1254 213 extat
1271 172 1432 213 scilicet
1452 171 1567 211 istud

126 230 244 279 ἅδδιξ
263 227 374 281 apud
396 228 572 281 Hesych.
604 228 801 271 Eustath.
832 229 1061 282 Etymolog.
1091 237 1133 267 et
1158 228 1451 269 Plzavorinum.
1481 230 1568 267 Ex-

131 283 325 326 tatised
364 280 424 323 ita
464 294 606 334 extat,
637 295 685 324 ut
721 285 866 341 ’μέτρον
897 286 1191 338 τετραχοίνικον
1223 284 1366 325 dicant
1408 290 1567 334 omnes}

133 355 219 380 non
239 342 493 394 ἑξαχοίνικον,
508 341 619 380 sicut
639 351 780 381 noster
800 339 926 391 δάδιξ.
958 339 1072 394 quod
1092 340 1294 394 profecto,
1319 342 1416 396 quia
1436 341 1569 381 rarius

133 405 328 439 occurrat
361 396 489 444 alibi,
519 411 606 437 non
636 397 732 437 ideo
762 396 1039 438 reficiendum
1068 396 1212 436 fuerit.
1247 396 1318 437 sed
1352 398 1510 437 sentire
1529 406 1584 437 et·

135 451 361 492 dissentire
385 453 430 492 in
452 452 519 491 his
539 454 661 493 licet:
694 448 849 494 temere
869 454 1087 493 immutare
1106 451 1334 506 quidquam
1352 467 1437 493 non
1458 454 1574 495 licet.

139 510 262 548 Meae
280 508 499 561 opinionis
519 508 733 564 σύμψηφον
749 510 896 550 inveni
909 523 1007 549 vero
1026 508 1310 563 perspicacius.
1347 509 1573 561 Capellam,

138 563 253 618 quod
277 563 455 619 gaudeo.
513 566 619 604 Eius
643 565 766 607 verba
788 580 840 605 ex
859 565 934 605 lib.
957 565 1014 604 ΙΙ.
1048 564 1098 605 de
1125 565 1315 604 Mensur.
1345 579 1382 606 c.
1401 565 1466 621 57.
1497 564 1576 605 ad.-

134 619 323 659 scribere
353 623 506 674 placet.
545 622 622 660 ubi
648 623 761 663 enim
793 623 988 662 Pollucis
1015 620 1140 661 verba
1168 619 1218 659 de
1249 619 1434 672 Dadice,
1466 635 1576 661 mare

137 686 182 719 et
211 679 353 729 cotyla
380 676 451 716 hic
485 678 696 728 recitavit,
730 678 812 719 ista
841 677 1037 719 subiicit:
1071 677 1288 718 Vocabula
1306 676 1406 717 llaec
1426 678 1578 718 Dadiae

140 741 178 772 et
201 734 363 781 Mares,
396 747 488 773 cam
514 737 561 773 in
587 734 835 774 Graecorum
860 736 1031 786 scriptis
1053 748 1134 772 non
1151 741 1384 783 occurrant,
1411 736 1581 787 Aegyp-

140 791 259 827 tiaca
281 803 367 827 esce
390 804 544 841 censeo,
578 799 625 829 ut
644 790 792 831 ,Dadix
813 794 869 829 sic
894 790 1075 842 Congius
1097 791 1395 842 Aegyptiacae,
1425 791 1579 830 habens

143 845 325 897 undique
340 859 454 884 senos
476 848 646 898 pollices
666 849 956 899 AegyptiacOS,
987 848 1033 884 in
1060 848 1292 884 universum
1320 844 1411 889 216.
1440 846 1513 885 ubi
1538 856 1581 887 et

139 900 242 954 quid
266 900 316 941 de
331 915 442 941 mare
465 902 668 946 habuisti.
724 905 794 944 De
825 918 905 957 qua
935 915 1126 942 mensura
1156 910 1198 943 et
1222 902 1464 952 Leopardus
1486 903 1580 943 XV.

143 958 233 998 Em.
257 957 323 1003 25.
356 957 546 998 ostendit
575 959 815 1015 consentire
833 960 1101 999 Aristotelem
1129 972 1223 996 cum
1246 959 1444 999 Polluceae
1477 973 1584 1013 quae

143 1014 304 1053 scilicet
325 1013 468 1053 hausit
492 1029 543 1052 ex
566 1016 725 1055 Nostro
750 1016 862 1054 infra
892 1015 947 1066 X,
985 1012 1075 1055 184.
1134 1014 1258 1054 Plura
1278 1028 1378 1054 vero
1399 1016 1459 1054 M.
1487 1017 1585 1054 Ho-

134 1065 231 1114 ⁴stus·
259 1070 350 1111 libr.
373 1069 404 1111 I.
438 1069 488 1109 de
508 1071 699 1111 Mensur.
733 1086 823 1125 cap.
862 1071 925 1113 16.
953 1071 997 1109 in
1017 1068 1147 1126 μάρις.
1197 1070 1313 1109 Scias
1347 1079 1482 1111 autem
1511 1071 1584 1113 hio

144 1134 266 1165 antea
283 1129 499 1181 vulgatum
523 1127 654 1166 fuisse
671 1122 804 1183 μὀἷρης
821 1126 894 1181 Per
919 1145 944 1177 η
971 1127 1014 1165 in
1038 1129 1224 1165 Pollucis
1246 1125 1461 1178 *prioribus
1489 1126 1586 1167 edi..

146 1181 351 1235 tionibus,
383 1181 499 1236 quod.
521 1192 563 1222 et
580 1185 832 1235 Iaeopardus,
861 1186 1022 1223 llo-slus
1046 1193 1089 1221 et
1115 1183 1303 1237 Capella-s·
1323 1193 1587 1237 agnoscunt3

146 1237 291 1290 sicque
312 1238 437 1277 etiam
459 1252 512 1278 ex
535 1238 778 1292 Epiphanio
799 1242 969 1279 Hostus'
991 1238 1149 1278 adfert:
1181 1239 1253 1293 qui
1271 1247 1406 1278 tamen
1428 1240 1587 1292 pariter

146 1292 348 1342 adnotare
368 1307 455 1332 non
476 1295 563 1334 fuit
593 1296 752 1335 oblitus
786 1296 895 1335 infra
919 1294 1030 1347 apud
1057 1294 1265 1336 Pollucem
1294 1294 1349 1341 X,
1384 1294 1474 1338 184.
1515 1309 1587 1336 ex-

146 1357 234 1388 tare
255 1363 328 1402 per
357 1359 386 1394 c,
417 1347 554 1404 μα’ρις,
586 1352 649 1390 uti
671 1354 713 1392 et
732 1351 844 1405 apud
865 1352 1122 1403 Polyaenum.
1181 1351 1238 1388 Et
1263 1364 1360 1390 sane
1383 1350 1494 1390 infra
1516 1360 1590 1393 et·-

128 1404 228 1444 ·iam
259 1406 303 1444 in
332 1404 431 1447 MS.
501 1407 584 1446 Hic
617 1417 778 1455 tamen,
810 1407 924 1461 quod
957 1408 1044 1446 fere
1072 1405 1226 1445 oblitus
1257 1405 1345 1457 fui,
1380 1407 1470 1447 MS.
1501 1403 1586 1446 alio

80 1473 83 1476 ’
149 1460 274 1501 modo
306 1462 452 1510 variat,
484 1472 524 1502 et
558 1462 684 1504 habet
712 1461 841 1518 μα’ρυς
865 1466 920 1513 δὲ,
952 1461 1196 1512 ἑξακότυλον,
1226 1475 1301 1515 per
1332 1478 1373 1504 v.
1403 1461 1508 1503 adeo
1540 1472 1589 1501 ut

149 1517 230 1556 iam
252 1517 460 1571 triplicem
478 1519 724 1574 scripturam
748 1519 1042 1561 invenerimus.
1095 1517 1222 1572 Apud
1243 1518 1496 1571 Heeyclzium
1516 1518 1590 1558 ubi

147 1574 305 1627 legitur
334 1574 551 1629 μαριστόν,
600 1579 639 1625 ἐξ
675 1575 863 1627 κοτύλας,
890 1574 1096 1615 vmendum
1133 1573 1295 1614 credam
1323 1587 1432 1614 esse:
1476 1573 1592 1630 quod

146 1638 285 1681 tamen
310 1630 454 1670 nescio
474 1646 527 1686 an
551 1633 742 1675 emendo.
771 1633 878 1677 libet
898 1630 1140 1671 coniectari.
1170 1626 1292 1683 μᾶρις
1310 1629 1355 1671 τό
1371 1632 1415 1680 ἓξ
1441 1648 1476 1676 κ.
1511 1631 1591 1669 sci-

147 1687 250 1730 licet
268 1688 452 1742 περιέχον
477 1690 628 1742 μέτρον.
672 1690 740 1732 An
760 1687 921 1744 μάριας,
948 1690 991 1738 ’ἐξ
1006 1704 1042 1729 κ.
1086 1686 1210 1727 Certe
1231 1686 1431 1741 quicquid
1449 1690 1592 1739 lateat,

150 1752 266 1794 patet
286 1743 396 1783 idem
418 1758 510 1784 cum
531 1754 677 1785 nostro
703 1747 887 1786 Polluci-⁵·
910 1758 1010 1784 esse.
1042 1744 1231 1782 Pollucis
1257 1741 1361 1781 alias
1393 1742 1517 1783 verba
1542 1742 1594 1784 de

148 1798 320 1845 Dadice
334 1799 482 1840 laudat
502 1810 543 1840 et
560 1801 719 1842 Hostus
749 1802 934 1842 Dissert.
974 1799 1023 1839 de
1047 1798 1261 1839 Choenice
1286 1807 1356 1842 tm.
1390 1812 1425 1840 1.
1455 1813 1497 1839 n.
1523 1797 1592 1854 49.

149 1855 221 1895 De
244 1858 384 1909 cotyla
408 1856 505 1897 vide
526 1857 704 1896 Hostum
728 1857 823 1897 libr.
842 1859 880 1898 I.
911 1856 961 1895 de
982 1857 1170 1896 Mensur.
1204 1868 1294 1907 cap.
1313 1855 1352 1894 5.
1385 1863 1522 1897 tmem.
1551 1856 1592 1897 4.

151 1909 225 1949 ubi
254 1925 302 1954 1¹.¹
325 1912 367 1952 5.
396 1910 498 1951 haec
520 1912 689 1954 laudatz
720 1914 832 1953 sicut
859 1923 900 1953 et
927 1912 1106 1953 Dissert.
1136 1910 1187 1950 de
1213 1910 1431 1953 Choenice
1458 1919 1528 1950 tm.
1559 1924 1593 1953 1.

153 1980 193 2004 n.
227 1979 291 2018 ²7·
322 1966 409 2008 vid.
441 1978 481 2007 et
512 1969 724 2019 Capellam
751 1970 916 2016 utiliter
943 1968 994 2008 de
1026 1967 1246 2014 omnibus,
1283 1981 1403 2021 quem
1432 1975 1595 2006 tantum

156 2020 507 2072 adducimus‚ubi
532 2026 720 2064 Pollucis
740 2027 876 2065 nostri
891 2023 1000 2079 apud
1025 2038 1118 2062 eum
1141 2023 1389 2063 nominatim
1412 2021 1460 2060 fit
1482 2036 1595 2062 men·

152 2078 230 2126 tio,
288 2079 357 2118 De
383 2079 596 2125 *medimno
629 2081 729 2119 hinc
764 2083 913 2121 Iunius
943 2081 1163 2122 Nomencl,
1195 2079 1239 2117 in
1269 2078 1522 2128 Medimnue,
1554 2087 1596 2117 et

152 2135 214 2172 M.
238 2135 402 2179 Hostus
418 2135 514 2177 libr.
542 2136 574 2175 I.
610 2136 659 2176 de
683 2139 818 2182 Mens,
853 2152 942 2190 cap.
962 2136 1000 2179 ὃ.
1027 2145 1099 2176 tm.
1122 2149 1156 2175 1.
1187 2149 1230 2178 n,
1249 2146 1286 2176 2.
1316 2134 1360 2173 in
1381 2148 1465 2187 quo
1495 2144 1595 2174 tme-

152 2199 263 2230 mate
295 2191 398 2233 alias
429 2194 546 2244 plura
579 2191 630 2233 de
657 2192 736 2232 hac
765 2208 970 2233 mensura.
1029 2190 1137 2233 Vide
1156 2200 1197 2230 et
1217 2189 1419 2229 subtiliss.
1451 2189 1596 2242 Capel-

154 2247 240 2284 lam
266 2246 338 2286 lib.
352 2246 484 2287 Ilee
503 2248 694 2290 Mensur.
717 2263 806 2302 cap.
821 2248 888 2297 58.
906 2249 977 2288 ubi
998 2247 1102 2287 haec
1125 2245 1175 2286 de
1196 2248 1350 2298 cotyla,
1367 2244 1595 2295 medimna,

152 2301 509 2356 hemimedimno,
539 2305 674 2355 tritri]
705 2304 863 2356 beent,
895 2304 1119 2351 hemiecto‚
1150 2301 1290 2342 omnia
1314 2315 1408 2340 vere
1427 2300 1596 2354 quidem

154 2356 242 2396 dici
273 2359 357 2408 ait,
395 2359 467 2399 sed
505 2374 591 2400 non
620 2360 720 2399 satis
748 2369 860 2401 recte
892 2358 1088 2400 connecti
1127 2373 1148 2397 a
1177 2356 1349 2398 Polluce
1383 2356 1596 2397 ostendit:

156 2427 278 2467 quem
298 2414 409 2466 vide,
438 2415 474 2454 si
494 2426 603 2456 recte
631 2417 673 2454 in
694 2416 928 2470 his-sapere.
951 2417 1028 2458 vis.
1086 2414 1215 2454 Iuno.

205 2511 208 2514 -
264 2476 412 2536 μα’ρις]
462 2484 529 2523 Pr.
565 2483 665 2525 edit.
706 2483 787 2522 hoc
819 2487 919 2523 loco
950 2481 1098 2536 μοίρης.
1155 2480 1236 2521 Sed
1272 2479 1382 2519 infra
1419 2481 1473 2529 X,
1508 2480 1599 2522 184·

149 2535 304 2577 ,itidem
335 2537 479 2593 μάρις,
519 2539 799 2594 similiterque
826 2540 888 2578 ibi
917 2540 1007 2583 MS,
1050 2540 1097 2580 Α.
1123 2535 1300 2591 perinde
1330 2546 1379 2574 ut
1403 2536 1474 2576 hic
1504 2535 1598 2577 Pal.
