1670 2938
165 125 249 169 746
782 120 860 163 IV.
917 124 987 167 94.

276 238 345 280 καῖ
376 232 558 289 υἷωνόν-]
600 236 774 277 Desunt
801 235 846 275 in
876 235 971 277 MS·
1002 236 1073 280 καῖ
1102 232 1247 280 υἷωνὸν
1273 245 1352 279 etc.
1394 234 1606 291 ἕρμηνεὶας

188 295 313 350 ρι’σιν.
346 308 438 331 cum
459 292 621 333 mediis.
679 294 813 334 Iuno.
1403 338 1406 339 ⁷

200 405 210 420 Ι
277 347 367 394 οὐδ’
386 348 428 391 ἐν
450 354 571 393 esan.
601 349 870 403 σταθμητόν]
899 349 1007 405 Leg.
1039 346 1151 393 οὐδὲν
1170 348 1393 405 Θεοπόμπῳ
1412 355 1609 401 σταθμη-

165 424 249 449 τον.
280 407 392 446 nihil
406 406 544 444 hahet*
563 407 836 460 Theopompus
854 421 901 446 ex
925 421 1003 459 quo
1022 416 1180 446 certum
1196 406 1244 445 de
1265 408 1346 447 illa
1360 409 1606 458 interpreta-

167 463 460 518 tioneseratur
475 462 694 505 iudicium.
751 467 928 506 KUEHN.

276 516 512 573 σταθμητδν
529 521 633 573 etc.]
674 522 783 576 Leg.
810 518 894 564 ἄλλ,
929 515 1023 561 οὐδ’
1040 519 1082 562 έν
1103 517 1326 574 Θεοπόμπῳ
1345 516 1509 570 στάθμη
1529 516 1610 560 τῶν

165 579 224 627 εἰς
239 579 452 632 ἑρμηνείας
477 578 635 630 κρίσιν,
667 587 716 617 ut
740 586 886 618 monet
909 576 1086 618 casaub.
1117 575 1170 614 ad
1202 577 1379 628 Theoph.
1410 574 1606 615 Charact.

163 648 260 690 pag.
294 630 384 675 128.
414 632 487 671 ubi
509 632 713 674 docuerat
733 633 836 689 quid
858 629 984 683 λευκή
997 631 1174 686 στάθμη.
1233 632 1334 672 SER-

278 688 517 742 σταθμητόν
536 694 641 740 etc.]
681 691 732 729 In
762 690 947 746 vulgatis
966 688 1042 727 ubi
1063 686 1296 740 σταθμητόν
1313 691 1373 738 εἷς
1395 686 1610 742 ἑρμηνείας

164 748 323 802 κρίσιν,
355 745 482 786 video
508 745 673 799 aliquid
696 761 867 797 sensus,
901 746 1004 786 licet
1021 760 1184 800 parum.
1214 743 1335 785 valde
1352 758 1452 784 vero
1471 745 1611 797 placet

164 802 405 846 emendatio
428 817 535 858 quae
557 803 633 842 sub
661 818 788 842 manu
820 802 1082 843 nascebatur.
1112 804 1210 856 lego
1232 800 1430 841 nimitum
1445 796 1609 853 στάθμη

163 861 243 904 τῶν
271 863 330 909 εἰς
356 862 386 902 ἑ.
416 878 455 902 κ.
490 859 573 899 hoc
603 859 767 899 scilicet
797 869 940 899 noster
969 872 1118 898 censor
1145 859 1206 900 ait
1231 855 1526 912 ἐπιτιμητικαῖς,
1563 855 1610 893 in

163 919 428 970 [Theopompo
458 930 546 955 non
576 931 665 957 esse
699 917 895 955 amussim
921 913 972 955 ad
997 929 1121 969 quam
1151 911 1381 954 dictionem
1399 911 1611 953 examine-

164 988 274 1024 mus,
306 976 388 1022 vel,
420 975 605 1029 regulam
635 972 892 1013 elocutionis
919 973 1218 1024 Theopompum
1240 984 1328 1009 non
1349 964 1455 1009 essess
1489 966 1610 1023 quasi

164 1030 287 1069 inum
311 1044 451 1070 carere
484 1027 648 1068 iudicio
670 1029 714 1067 in
749 1028 1002 1084 eloquendo.
1061 1029 1120 1066 Et
1144 1025 1294 1081 quidni
1316 1028 1479 1079 placeat
1501 1022 1610 1062 mihi

164 1085 271 1127 haec
290 1086 559 1134 coniectura,
595 1099 724 1138 quum
742 1084 868 1125 video
887 1095 930 1125 et
950 1094 1071 1124 antea
1090 1085 1352 1123 literatorum
1372 1080 1608 1135 principem

168 1142 460 1182 casaubonum
477 1141 537 1180 ita
558 1141 794 1180 restituisse
813 1140 866 1180 ad
893 1142 1165 1195 Theophrasti
1184 1138 1381 1181 Charaot.
1411 1139 1503 1192 περὶ
1519 1135 1610 1178 ἀδο-

165 1200 358 1255 λεσχίας.)
385 1213 508 1254 quem
529 1196 638 1238 vide.
697 1197 827 1237 Iuno.

847 1269 914 1309 94.

277 1320 322 1365 τό
352 1323 395 1365 δὲ
423 1321 537 1379 ἔργον
562 1319 661 1365 αὐτό
691 1341 723 1364 τ.
755 1321 824 1373 m]
863 1319 1240 1372 Falckenburgius:
1269 1315 1315 1360 ‘co'
1333 1318 1376 1361 δέ
1396 1316 1513 1370 ἔργον
1533 1315 1614 1360 vino*

164 1379 244 1423 τῶν
266 1378 450 1444 κηρύκων
480 1389 558 1420 etc.
591 1377 705 1433 quod
726 1381 899 1433 vulgato
916 1378 1066 1417 melius
1081 1408 1092 1427 ,
1127 1374 1321 1430 quamvis
1345 1384 1386 1414 et
1406 1374 1512 1413 iuud
1531 1374 1611 1414 bo-

163 1451 266 1476 num
291 1446 357 1479 slt,

277 1495 346 1536 καὶ
362 1488 506 1540 Ἰσαῖός
524 1508 601 1535 που
623 1496 656 1534 λ.
687 1491 758 1545 κ.]
792 1490 894 1530 Non
915 1489 1076 1528 suntin
1108 1488 1156 1528 C.
1188 1487 1238 1526 A.
1268 1487 1444 1527 KUmm.

278 1553 348 1593 καὶ
372 1547 523 1598 Ἰσαῖός
554 1565 632 1591 που
663 1554 698 1590 λ.
731 1552 791 1596 κ.]
823 1548 994 1586 Desunt
1015 1545 1059 1583 in
1078 1545 1169 1585 MS.
1200 1545 1268 1586 καῖ
1283 1540 1430 1590 Ἰσαῖός
1445 1557 1522 1584 που
1541 1540 1612 1583 λε’-

165 1625 246 1665 yn,
277 1604 468 1660 κήρυκας.
518 1605 695 1654 desunt,
733 1603 809 1643 ubi
843 1603 1015 1642 minime
1055 1600 1273 1643 debebant.
1320 1599 1463 1638 haeret
1496 1598 1610 1637 enim

168 1666 263 1704 sine
302 1663 434 1702 dubio
474 1661 638 1703 menda.
693 1659 798 1715 quid
837 1659 949 1699 enim
977 1658 1081 1698 novi
1130 1660 1198 1697 vel
1225 1653 1460 1696 notabilius
1498 1653 1610 1693 dixit

169 1725 336 1771 Ιεαειιε,
370 1720 407 1758 si
436 1714 612 1774 κήρυκας
639 1716 781 1757 dixit?
811 1714 935 1756 Vidit
962 1724 1004 1754 et
1030 1717 1089 1754 H.
1123 1713 1370 1764 Stephanus,
1404 1710 1478 1764 qui
1510 1725 1610 1748 cru-

169 1793 257 1818 cem
276 1777 320 1815 in
342 1791 412 1816 ora
433 1775 503 1815 hic
524 1774 639 1814 fixit:
675 1773 747 1813 sed
775 1787 853 1812 nec
875 1772 967 1825 ipse
987 1785 1106 1824 opem
1129 1770 1250 1810 tulit:
1282 1778 1324 1807 et
1341 1781 1419 1806 nos
1443 1767 1492 1804 ab
1514 1765 1611 1805 aliis

170 1843 452 1888 expectamus.
483 1845 662 1885 sequens
693 1826 942 1883 προκηρύξαι
966 1842 1136 1881 quoque
1156 1827 1200 1864 in
1225 1823 1376 1865 mendo
1397 1822 1535 1873 cubat,
1564 1830 1614 1861 ut

170 1901 214 1930 et
243 1892 332 1942 ipse
359 1890 417 1927 H.
452 1889 691 1939 Stephanus
720 1888 764 1925 in
798 1885 1016 1925 Thesauro
1051 1882 1217 1922 notavit
1243 1881 1384 1922 etiam.
1441 1878 1522 1920 Sed
1540 1877 1612 1916 hic

170 1946 268 1986 MS.
301 1954 444 1984 noster
475 1959 517 1984 se
549 1952 732 1996 praestat
765 1942 939 1996 dignum
972 1940 1154 1984 facinus,
1188 1938 1261 1992 qui
1291 1951 1430 1976 veram
1463 1934 1611 1974 lectio·

171 2016 268 2042 nem
289 2009 574 2053 repraesentat
596 1999 728 2038 hanc:
761 1995 1034 2052 προσκηρύξαι
1058 1993 1102 2037 δ’
1126 1996 1230 2038 ἐστὶν
1250 1992 1292 2035 τὸ
1309 2003 1388 2033 etc.
1418 1992 1544 2031 IUNG-

287 2060 354 2100 καὶ
369 2053 515 2104 Ἰσαῖός
534 2072 612 2097 που
633 2063 668 2098 λ.
689 2057 748 2108 κ.]
784 2055 998 2094 Kuehnius
1018 2052 1174 2092 Noster
1193 2051 1237 2089 in
1258 2048 1420 2090 Codice
1437 2061 1514 2086 suo
1535 2059 1611 2101 pro

172 2112 352 2168 κήρυκας
376 2111 428 2151 ad
456 2125 567 2151 oram
593 2111 840 2164 adscripsit:
862 2111 905 2162 Γ.
936 2106 1199 2163 κηρυκεύσας.
1259 2104 1340 2146 Sed
1357 2104 1522 2159 egregie
1543 2102 1614 2141 hic

173 2172 300 2213 nobis
327 2168 523 2209 subvenit
546 2168 696 2209 Codex
716 2167 1056 2218 Falckeuburgii‚
1086 2164 1208 2203 cuius
1229 2161 1397 2200 bonitas
1419 2160 1499 2198 iam
1520 2172 1613 2197 sae-

162 2224 273 2283 'pius
304 2241 347 2266 se
376 2224 600 2279 probavit,
632 2225 706 2279 qui
733 2239 786 2264 ex
815 2225 946 2263 MSto
968 2236 1045 2276 pro
1063 2221 1136 2259 illo
1155 2221 1327 2272 vulgato
1347 2213 1524 2267 κήρυκας
1542 2214 1615 2252 ha-

176 2286 249 2325 bet
280 2279 588 2335 κηρυκευσάτω,
624 2295 750 2335 quare
777 2279 828 2320 de
853 2293 950 2319 vera
981 2279 1064 2317 iam
1089 2276 1274 2316 lectione
1305 2271 1415 2310 nulli
1434 2270 1614 2322 amplius

178 2341 372 2381 dubitare
400 2351 633 2392 possumus.
691 2337 788 2375 Hoc
818 2334 974 2374 etenim
996 2336 1088 2373 vult
1108 2332 1275 2377 Pollux,
1305 2328 1417 2380 ἔργον
1438 2327 1518 2368 τῶν
1538 2342 1616 2375 κη-
1659 2350 1662 2373 ;

178 2397 311 2455 Qunam
347 2395 588 2449 κηρυκεῦσαι
627 2392 736 2439 dici,
777 2391 908 2444 idque
936 2386 1171 2430 confirmari
1207 2384 1461 2424 auctoritate
1502 2382 1618 2421 Jsaea·
1666 2419 1670 2430 ,η

180 2453 295 2509 apud
316 2466 438 2506 quem
457 2447 738 2505 κηρυκευσάτω
761 2446 1016 2487 inveniatur.
1649 2441 1658 2447 ''

292 2505 563 2565 προκηρύξαι]
601 2507 785 2545 Rursum
806 2518 848 2542 se
869 2499 1123 2556 praestantia
1146 2495 1319 2536 Codicis
1339 2493 1620 2534 Falckenbur-

178 2569 246 2620 gii
273 2565 455 2613 exserit,
501 2563 575 2619 qui
603 2565 712 2603 clare
747 2570 798 2601 ut
824 2560 1056 2599 Palatinus
1094 2553 1191 2596 MS.
1222 2553 1288 2593 Cl.
1319 2548 1619 2604 langermanni

180 2617 457 2678 προσκηρύξαι
480 2618 619 2663 habet.
