1722 3054
730 586 770 634 Ι.
841 603 879 642 1.

191 701 953 757 'IOTAIOTRHOATAEYKOYZJ
983 700 1032 741 P.
1059 699 1111 742 R.
1134 710 1176 742 et
1194 700 1246 742 A.
1279 702 1340 743 sic
1369 702 1539 759 incipit,

82 760 190 821 α’ρχὴ
221 763 303 806 τῶν
333 763 408 806 τοῦ
426 756 714 811 Πολυδεύκους
736 761 910 816 βιβλίων
945 755 1234 815 ὁνομαστικῶν.
1265 761 1313 800 Ρ.
1343 761 1396 803 V.
1428 771 1542 803 caret

84 819 384 876 inscriptione.
449 821 666 860 Snnnnus.

177 896 463 954 ‘'IOTAIOT
499 902 957 948 HOAYAET’KOYZ]
999 896 1161 938 Noster
1202 897 1297 938 MS.
1341 913 1425 954 quo
1465 915 1542 940 no-

80 959 196 1000 mine
220 972 382 1012 semper
413 958 670 996 Palatinum
687 957 809 996 illum
840 956 1043 997 eximium
1067 954 1292 1010 intelligo:
1323 969 1404 996 nec
1427 957 1541 1006 enim

81 1016 168 1056 alio
199 1030 266 1056 me
295 1016 362 1054 uti
396 1012 601 1068 contigit:
633 1013 729 1053 aliis
753 1027 855 1054 vero
889 1027 941 1053 ex
971 1010 1115 1052 eadem
1135 1011 1398 1053 bibliotheca
1422 1013 1542 1054 illus-

81 1072 267 1113 trissima
287 1070 495 1126 principis
515 1070 775 1111 serenissimi
800 1080 928 1124 atque
951 1067 1171 1110 laudatiss.
1201 1083 1304 1108 usus
1345 1070 1433 1110 fuit
1464 1070 1540 1112 do-

81 1130 298 1170 ctissimus
319 1128 476 1168 amicus
491 1124 638 1168 noster
652 1127 1026 1183 Wolsg.Seberus:
1054 1125 1090 1165 is
1115 1125 1262 1180 itaque
1284 1125 1420 1167 codex
1441 1139 1543 1183 post

78 1188 438 1239 Harpocrationis
453 1186 650 1237 Lex-icon,
666 1183 726 1231 ,τό
749 1188 792 1229 ἐκ
810 1185 891 1228 τῶν
912 1186 1010 1227 δέκα
1030 1177 1212 1237 ῥητόρων
1232 1186 1430 1239 συλλεγέν,
1459 1189 1540 1237 vel,

78 1253 130 1283 ut
160 1243 303 1283 verius
334 1242 495 1292 dicam,
536 1242 753 1296 epitomen
781 1242 899 1282 illius
924 1241 1080 1291 lexici‚
1121 1248 1417 1296 quantumque
1448 1243 1540 1283 eius

79 1299 264 1340 subinde
284 1299 395 1354 apud
416 1298 595 1338 Saidam
614 1299 893 1355 inspergitur,
926 1298 1061 1338 tacito
1083 1299 1442 1350 Harpocrationis
1465 1314 1543 1340 no-

78 1357 216 1398 mine:
262 1366 364 1412 post
399 1357 535 1404 hanc,
576 1357 776 1412 inquam,
817 1355 1028 1411 descripta
1070 1353 1198 1394 habet
1235 1354 1379 1396 eadem
1411 1372 1540 1397 manu

77 1416 276 1455 Pollucis·
314 1414 455 1455 nostri
494 1415 640 1468 βιβλία
687 1409 963 1470 ὅνομαστικοῖ,
1013 1411 1172 1466 absque
1218 1413 1308 1452 ullo
1350 1413 1541 1467 ipsorum

83 1471 281 1526 praefixo
308 1471 466 1522 titulo,
510 1471 582 1511 cui
613 1480 752 1512 tamen
787 1473 834 1512 in
857 1470 1097 1511 membrana
1124 1471 1245 1508 locus
1273 1469 1448 1510 relictus
1478 1482 1544 1513 est

76 1543 236 1584 purus,
270 1528 308 1568 si
338 1537 637 1584 apponeretur.
694 1529 885 1568 Labbaei
915 1537 1054 1567 autem
1088 1526 1182 1565 MS.
1214 1529 1338 1565 talem
1365 1528 1542 1569 titulum

77 1585 226 1637 habet,
257 1588 422 1641 qualem
449 1585 494 1624 in
525 1587 736 1626 Palatino
765 1585 915 1627 codiee
939 1583 1178 1624 recentiore
1211 1592 1255 1622 et
1287 1585 1541 1636 August-ano

77 1643 251 1684 invenit
281 1643 407 1683 etiam
427 1643 598 1682 Seberus
620 1652 792 1684 noster:
823 1639 958 1698 ’Λρχῆ
973 1642 1055 1684 τῶν
1077 1639 1152 1684 τοῦ
1168 1637 1451 1693 Πολυδεύκους
1475 1649 1542 1699 βι·

75 1701 201 1756 βλίων
218 1698 515 1756 ὅνομαστικῶν.
572 1700 866 1745 Iunonum-AN.

190 1776 359 1831 Ἰούλιος
382 1779 566 1834 Πολυδ.]
608 1779 774 1834 Incipit
799 1781 898 1822 MS.
930 1789 1076 1822 noster
1097 1795 1119 1821 a
1143 1779 1415 1835 praefatione
1439 1781 1543 1822 libri

74 1837 507 1936 tlsslgigiclilficzrtjismlae
534 1839 770 1895 ἐπίγραμμα
798 1837 950 1880 ordine
977 1838 1065 1879 alio
1100 1852 1228 1894 quam
1255 1838 1302 1879 in
1338 1838 1539 1904 vulgatis,

242 1973 447 2032 Κομμόδῳ
475 1976 661 2033 Καίσαρι
687 1972 856 2027 Ἰούλιος
885 1970 1145 2029 Πολυδεύκης
1172 1976 1343 2033 χαίρειν-

76 2064 120 2098 et
141 2055 201 2096 ita
224 2054 474 2111 ubicunque
494 2056 786 2110 praefationes
804 2056 1012 2096 librorum
1035 2055 1355 2111 insequentium
1378 2057 1423 2096 in
1445 2058 1540 2100 MS.

75 2126 166 2154 non
189 2111 358 2165 desunt,
389 2123 437 2153 ut
454 2112 566 2154 libro
586 2114 662 2161 IV,
694 2113 768 2162 VI,
798 2113 865 2154 IX
887 2123 929 2154 et
948 2113 1018 2165 X.,
1050 2112 1167 2169 quod
1187 2114 1275 2154 suis
1291 2115 1400 2154 locis
1426 2129 1542 2170 quo·-

78 2184 162 2224 que
180 2169 383 2210 indicabo
406 2185 580 2225 semper.
638 2171 697 2210 Et
721 2170 766 2210 id
790 2184 890 2225 prae
910 2173 1088 2226 vulgato
1107 2174 1261 2225 placet,
1295 2186 1374 2212 nec
1394 2182 1540 2227 putem

75 2227 297 2267 librarium
324 2227 386 2267 sic
409 2227 640 2271 ordinasse.
701 2227 1008 2283 succurritque
1037 2227 1206 2283 gemina
1234 2231 1370 2282 plane
1390 2230 1542 2270 inscri-

76 2283 172 2338 ptio
202 2283 252 2324 ab
288 2284 475 2325 eiusdem
509 2285 790 2339 professionis
822 2295 865 2325 et
897 2285 1049 2325 aetatis
1089 2285 1212 2333 viro,
1249 2286 1543 2339 Plzrynicham

78 2339 190 2391 dieo,
221 2341 296 2397 qui
315 2343 558 2397 composuit
575 2343 816 2398 σοφιστικῆς
837 2343 1096 2397 παρασκευῆς
1118 2340 1259 2398 λόγους
1282 2341 1334 2382 ad
1359 2343 1541 2386 eundem

75 2397 403 2453 Imperatorem,
434 2409 478 2440 et
504 2400 597 2455 ipse
617 2400 734 2440 hunc
756 2398 951 2441 ordinem
977 2399 1189 2441 servando
1215 2398 1470 2456 ἐπιγράφωνι

246 2477 452 2537 Κομμόὸῳ
483 2482 666 2536 Καίσαρι
697 2476 903 2537 Φρύνιχος
921 2480 1102 2538 χαίρειν·

80 2557 208 2613 Quod
234 2560 417 2600 Plautius
438 2559 667 2628 adnotavit
697 2560 742 2600 in
762 2561 938 2616 Eclogis
965 2561 1076 2614 suis,
1107 2572 1130 2601 a
1150 2558 1384 2617 priscorum
1410 2562 1538 2619 genio

79 2613 125 2654 in
154 2616 243 2657 ini·
277 2616 719 2674 superscriptionibus
746 2617 1049 2674 epistolarum,
1090 2619 1171 2660 sub
1204 2619 1538 2674 Imperatoribus

1169 2688 1266 2732 Ae
