1670 2938
91 62 173 104 824
691 60 769 100 IV.
826 61 919 104 151.

100 181 169 211 tur
189 171 242 212 ad
261 171 628 227 repraesentandas
644 172 940 213 Matronarum
962 168 1232 226 pedissequas
1253 180 1296 212 et
1317 170 1538 212 internun-

100 227 205 282 tiae,
236 227 287 268 de
314 228 467 282 quibus
487 229 709 270 Comicus:

265 294 496 347 disciplina
527 303 588 335 est
616 295 774 345 iisdem,
808 296 1059 334 munerarier

266 353 450 392 ancillas
474 354 678 404 primum,
712 353 771 390 ad
796 352 987 390 dominas
1018 352 1093 404 qui
1120 351 1320 405 affectant
1353 352 1480 389 viam.

101 429 215 469 Hinc
237 427 374 470 obiter
393 430 665 485 corrigendus
687 429 934 469 Heliodorus
950 428 1301 482 Aethiopicorum
1321 429 1397 471 lib.
1417 428 1538 470 VIII.

102 489 172 529 καὶ
194 487 267 537 τῆς
287 489 595 540 διακονουμένης
620 488 751 541 ἅβρας
773 489 883 530 οἴνου
898 486 1171 539 κεκραμμένου
1198 483 1366 552 κύλικας
1377 482 1540 529 ἐπιδού-

103 560 178 593 σης
211 552 291 583 etc.
324 552 366 583 et
399 557 491 583 cum
521 546 661 595 puella
683 557 847 584 mensae
873 542 1115 581 ministrans
1135 541 1256 581 mixti
1277 543 1368 582 vini
1393 541 1540 582 calices

103 599 350 652 porrigeret.
379 599 425 638 in
456 598 572 642 Edit.
605 599 733 639 Basil.
754 598 933 653 legitur,
963 598 1049 648 τοῖς
1079 599 1378 653 διακονουμένης
1399 615 1539 652 αυρας.

104 656 286 695 Drusius
309 657 353 695 in
370 656 437 694 De
457 664 573 698 recta
585 657 929 708 pronuntiatione
949 656 1001 694 L.
1029 655 1069 693 S.
1101 669 1140 694 v.
1159 652 1229 696 42.
1260 655 1433 708 inquit.
1425 662 1539 694 *³7:2²

105 719 204 749 sunt
228 712 412 750 ancillae
439 713 751 761 honoratiores,
784 727 889 765 quas
917 711 1037 749 Galli
1063 719 1215 749 vocant
1235 711 1368 750 Filles
1390 711 1543 749 d’lzon-

103 780 216 814 neur,
245 768 406 821 Belgae
423 766 793 835 ῶΐαᾶῐῦυῃῒεῖό,
827 768 998 816 Graece,
1029 767 1276 819 nisifallor‚
1307 766 1436 821 ἅβρας
1461 781 1541 806 νο-

103 831 217 863 cant.
247 823 350 863 haec
391 825 476 863 ille.
507 823 708 863 hocloco
739 821 849 879 ἅβρα
868 826 1104 890 περίκουρος
1124 822 1244 863 reddi
1271 833 1428 876 potest,
1459 837 1544 861 an-

105 880 205 918 cilla
242 883 548 926 circumtonsa,
598 883 665 920 vel
706 880 972 921 retinendum
1004 879 1109 934 ἅβρα
1138 881 1385 935 περίκουρος.
1431 875 1544 932 αβρα

104 935 212 988 legit
250 936 376 976 etiam
423 937 617 976 Valesius
662 938 778 977 notis
820 937 865 977 in
895 936 936 979 h.
965 938 994 975 1.
1033 945 1075 975 et
1101 936 1335 975 Salmasius
1364 949 1387 975 e
1418 935 1543 977 MSS.

107 991 279 1032 ΗΠΒ-ΗΝ.

217 1056 355 1112 ocupa]
377 1057 494 1099 Idem
516 1058 589 1098 hic
609 1060 793 1115 contigit
811 1073 938 1108 error,
961 1074 1093 1124 'quem
1114 1059 1352 1100 notavimus
1371 1060 1546 1114 aliquo-

106 1114 208 1165 ties,
250 1130 376 1170 quum
417 1114 462 1154 in
509 1116 596 1157 MS.
631 1120 660 1168 β
697 1116 902 1155 sciibatur
937 1115 1073 1156 simile
1110 1130 1285 1169 prorsus
1306 1115 1468 1155 Latino
1499 1130 1543 1166 u,

107 1170 220 1224 quod
246 1171 455 1211 adnexum
476 1171 550 1210 alii
579 1170 723 1212 literae
743 1172 868 1211 facile
891 1186 976 1210 non
999 1182 1192 1211 accurate
1220 1171 1545 1222 inspicientibus

107 1227 286 1280 speciem
315 1227 467 1268 Graeci
498 1245 522 1270 v
550 1226 600 1267 de
628 1241 672 1266 se
701 1227 902 1281 praebens
932 1227 1058 1268 fauit.
1101 1242 1294 1280 expresse
1324 1227 1435 1268 enim
1465 1241 1544 1280 pro

109 1286 283 1337 vulgato
302 1280 413 1339 αὖρα
444 1283 489 1322 ἰιι
517 1284 613 1326 MS.
642 1283 764 1337 ἅβρα,
795 1283 936 1324 taliter
956 1289 983 1335 β
1003 1284 1177 1336 scripto,
1208 1298 1257 1322 ac
1281 1284 1317 1322 si
1337 1283 1545 1323 Latinum

109 1353 137 1377 u
159 1348 280 1385 esset,
311 1348 359 1378 ut
387 1342 522 1379 solere
553 1339 598 1378 in
627 1340 724 1379 MS.
755 1339 858 1381 dixi.
916 1339 1031 1379 Idem
1063 1338 1222 1378 dictum
1247 1339 1373 1379 velim
1396 1337 1546 1379 dehac

109 1409 214 1434 voce
240 1394 351 1435 iufra
374 1395 625 1450 segm.154.
684 1395 785 1435 Non
803 1405 940 1435 tamen
961 1409 1158 1448 negamus
1186 1394 1394 1435 eiusmodi
1413 1397 1548 1437 διττο-

106 1452 360 1505 γοαφεῒσθοιι
389 1453 530 1501 etiam,
563 1461 604 1492 et
634 1451 861 1506 insigniter
893 1450 938 1490 id
976 1450 1122 1490 docuit
1154 1451 1421 1490 Casaubonuc
1441 1450 1543 1490 XII.

106 1506 457 1549 Atlzen.1o.ubi
484 1507 653 1563 quidem
674 1510 913 1561 exemplum
936 1506 1063 1546 habes
1081 1522 1134 1548 ex
1152 1505 1421 1560 Epiphanio
1408 1521 1455 1546 ιιι
1475 1521 1546 1549 eo·

111 1563 203 1602 dem
232 1562 313 1603 hoc
343 1563 437 1617 ipso
470 1564 701 1613 vocabulo3
731 1573 774 1603 et
803 1563 972 1618 quidem
999 1563 1255 1603 contrarium
1277 1563 1316 1602 ei
1339 1562 1453 1618 quod
1474 1561 1547 1602 hic

109 1619 306 1674 contigit.
333 1619 555 1675 legendum
588 1621 732 1675 itaque
758 1619 830 1659 hic
858 1619 987 1674 ἅβρα,
1022 1619 1135 1673 quod
1159 1618 1407 1658 vocabulum
1435 1617 1547 1660 deli-

109 1684 226 1716 eatae
254 1676 478 1716 ancillulae
501 1676 651 1716 mirum
686 1690 808 1730 quam
828 1690 935 1715 conv.
940 1675 1040 1718 enit.
1100 1674 1236 1715 Credo
1259 1675 1304 1713 id
1324 1673 1481 1714 vidisse
1505 1683 1560 1714 et'

106 1731 386 1786 Scaliger-um.
445 1730 518 1774 Sic
540 1733 652 1772 enim
675 1733 707 1774 Ι.
729 1733 850 1772 Poe‘t.
883 1731 945 1772 14.
979 1731 1152 1772 scribit.
1181 1733 1264 1781 Qui
1281 1731 1391 1770 hunc
1412 1732 1547 1770 locum

107 1796 207 1826 cunt
225 1790 512 1841 interpretati,
543 1788 696 1841 αὔραν,
741 1802 891 1828 auram
911 1789 1066 1826 Latine
1089 1787 1308 1840 fecerunt,
1341 1795 1387 1826 at
1401 1786 1549 1826 Grae-

107 1845 171 1881 cie
195 1843 414 1895 famulam
453 1847 493 1884 si
490 1846 683 1897 gnificat.
740 1846 846 1883 Item
884 1846 1118 1898 περίκουρον
1157 1846 1386 1896 virginem:
1424 1843 1548 1896 quasi

105 1901 202 1993 ἰιερὶ
230 1897 378 1954 κούρην
407 1916 456 1955 a„
440 1910 606 1941 ‘Mentem
642 1914 726 1940 non
752 1901 994 1953 reprehendo
1024 1909 1102 1944 eto
1134 1913 1240 1955 quae
1265 1898 1409 1941 videas
1438 1898 1546 1952 ipse.

131 1968 330 1999 UHGERM.

219 2018 359 2086 αὖρα]
391 2021 497 2077 ἅβρα
515 2037 593 2077 pro
615 2024 720 2079 αἰῖρα
738 2023 813 2063 hic
839 2034 882 2065 et
902 2024 1012 2063 infra
1034 2037 1160 2078 segm.
1195 2020 1285 2064 154.
1317 2019 1453 2062 textui
1474 2033 1545 2060 re-

107 2076 253 2117 stituit
281 2079 512 2119 Kuelmius.
573 2079 745 2133 Optime
775 2081 878 2120 haec
910 2081 1023 2119 inter
1051 2094 1119 2130 se,
1151 2093 1204 2119 ne
1226 2075 1546 2118 confunderen-

105 2143 189 2181 tur,
210 2132 446 2173 distinxit
434 2149 478 2173 ιιι
497 2149 573 2174 suo
595 2137 757 2176 Lexico
779 2137 1046 2186 Phanorinus,
1072 2136 1131 2174 ita
1150 2135 1373 2174 nimirum:
1403 2129 1543 2184 Λῦρα,

106 2189 133 2240 ηε
152 2206 267 2241 πνοη,
286 2207 312 2231 a
333 2208 372 2233 υ.
403 2191 509 2244 ἅβρα
527 2193 570 2232 δὲ
588 2192 615 2242 ἤ
641 2191 772 2242 δούλη,
796 2211 820 2233 α
842 2196 910 2235 καῖ
928 2198 967 2246 β.
989 2191 1183 2231 videatur
1205 2189 1349 2229 idem·
1337 2203 1381 2227 ιιι
1394 2188 1547 2241 ”Λβρα,

106 2245 182 2285 ubi
213 2246 510 2300 Etymologum
539 2246 770 2302 descripsit.
803 2248 912 2288 idem
935 2248 1040 2288 fecit
1063 2258 1233 2301 quoque
1252 2245 1422 2285 Suedas.
1450 2242 1544 2286 add.

108 2302 312 2341 Eustatlz.
347 2302 402 2342 ad
433 2303 575 2356 Odys-5.
612 2310 660 2346 T.
691 2317 778 2343 non
797 2307 926 2359 longe
948 2305 998 2343 ab
1022 2302 1164 2342 initio.

194 2368 605 2424 .παραψηφιστικο“ν]
653 2371 773 2409 Infra
817 2385 943 2424 segm.
987 2368 1076 2411 154.
1119 2378 1182 2408 est
1216 2365 1546 2423 παραψηφιστον,

107 2424 224 2478 quod
245 2425 496 2468 vocabulum
514 2427 679 2479 (inquit
699 2427 757 2467 H.
781 2427 939 2478 Steplz.)
969 2434 1207 2479 suspectum
1238 2423 1373 2464 videri
1407 2434 1546 2477 queat.

106 2482 154 2521 P.
186 2481 387 2521 hocloco
418 2492 477 2523 et
490 2483 542 2521 A.
570 2483 682 2521 infra
705 2481 859 2520 habent
879 2480 1159 2537 παράψηστον.
1218 2479 1334 2519 Idem
1358 2481 1407 2518 A.
1436 2494 1549 2528 mox,

107 2545 150 2577 et
172 2539 300 2590 paulo
325 2547 423 2591 post
452 2552 650 2579 unacum
669 2538 763 2592 ipso
783 2540 830 2580 P.
866 2552 1036 2592 quoque
1052 2551 1294 2593 περιεψησμ.
1325 2550 1450 2590 supra
1470 2549 1548 2575 au-
