1670 2938
201 88 286 132 486
822 83 879 124 ΙΙ.
934 87 1030 131 215.

315 213 418 242 ουτω
447 214 522 266 γαρ
554 197 622 241 ἔπι
648 196 729 240 τῶν
755 196 1021 254 πλασματων]
1067 201 1188 258 Quae
1216 201 1289 243 hic
1324 203 1369 243 in
1391 204 1562 244 Polluce
1578 219 1641 245 se-

207 264 418 311 quuntur,
448 254 550 296 οὕτω
578 251 655 309 γοῖρ
681 256 747 298 ἔπι
766 256 845 297 τῶν
864 256 1120 313 πλασμάτων,
1153 273 1200 298 ea
1225 260 1312 299 visa
1334 261 1443 300 forte
1465 263 1526 301 Η.
1547 262 1643 302 Ste-

201 312 346 364 phano
373 309 569 349 mendum
593 311 766 354 ὕπουλον
796 315 928 354 alere:
965 324 1075 356 certe
1103 315 1239 355 crucis
1270 326 1409 355 notam
1442 316 1642 371 adposuit

208 367 337 407 verbo
365 364 625 432 πλασμάτων.
680 367 762 409 Sed
791 371 1006 421 pertinent
1031 385 1078 411 ea
1098 370 1150 411 ad
1179 372 1513 426 κοροπλαστικήν,
1547 375 1645 413 illu-

208 432 395 478 stratque
423 425 578 463 Pollux
613 424 703 477 ipse
731 423 842 464 infra
873 425 1106 478 V11‚165
1136 427 1211 466 ubi
1243 429 1372 468 etiam
1399 425 1644 484 χολοβαφιια

208 479 305 546 MS.
338 490 480 520 noster
511 479 650 519 habet.
681 482 864 534 respexit
903 458 1047 522 eodem
1079 492 1120 522 et
1147 486 1399 537 Hesyclzim.
1440 485 1646 541 χολὸβαφα

210 553 260 578 τα
289 537 424 590 χρυσῶ
445 537 637 604 ἔμφερως
675 539 922 591 βεβαμμένα.
957 549 1021 580 et:
1061 543 1322 608 χολοβαφίον·
1355 541 1456 583 οὕτω
1481 546 1646 611 λέγεται

212 609 295 645 αμα
311 593 401 646 μὲν,
428 592 490 635 ὁτι
509 611 555 635 ια
578 593 711 646 φαῦλα
733 596 912 648 βαφέντα
934 599 1036 652 χολῇ
1049 592 1298 663 βοίπτεται,’
1279 598 1362 652 α’μα
1382 598 1425 639 δὲ
1441 616 1489 639 τα
1509 617 1643 653 χρυσῳ

211 649 398 702 ε’μφερως
421 651 665 704 βεβαμμένα
687 649 761 688 ubi
783 664 835 690 an
853 653 962 692 forte
979 650 1235 706 χολοβάφινον
1250 654 1451 707 scripsit?
1483 655 1526 694 in
1548 658 1647 694 Pol-

213 706 302 745 luce
331 707 505 760 vulgato
529 719 608 763 pro
629 705 848 761 χολοβάφος
878 707 1014 748 scribe
1047 709 1193 763 potius
1214 709 1449 765 χολόβαφος.
1473 712 1602 751 Iunc.

326 771 653 842 οἷκροχολοῦντα]
681 775 814 814 Plato
839 774 972 825 dixit,
1003 785 1052 815 ut
1074 776 1123 819 V.
1153 777 1343 832 Legum·
1379 781 1497 821 ἐλεεῖν
1517 780 1560 821 δέ
1580 777 1648 822 τόν

213 829 288 883 μὲν
308 827 453 900 ἰάσιμα
485 830 628 898 ἔχοντα
647 832 826 886 ἐγχωρεῖ,
858 833 925 875 καὶ
953 830 1194 902 οἷνείργοντα
1206 834 1270 876 τόν
1285 834 1420 888 θυμόν
1440 832 1648 888 πραΰνειν,

215 889 285 928 καῖ
308 905 378 942 μη,
408 886 718 943 α’κροχολοῧντα,
748 891 986 942 γυναικείως
1005 888 1312 958 πικραινόμενον
1331 876 1532 934 διατελεῖν
1590 893 1648 932 Et

213 941 290 984 lib.
323 943 419 985 VII.
448 947 574 998 paulo
601 945 772 1012 longius
797 945 847 984 ab
882 945 1033 986 initio·
1063 964 1086 996 η
1120 948 1192 1000 μὲν
1220 963 1347 1016 τρυᾳη
1374 946 1547 991 δύσκολα
1581 950 1651 991 και

214 996 415 1066 ακρόχολα
441 1001 508 1042 καὶ
533 997 691 1056 σφόδρα
719 999 801 1044 οἷπο
831 1006 1005 1068 σμικρων
1029 1003 1240 1071 κινούμενα
1265 1022 1312 1045 τα
1338 1006 1416 1046 τῶν
1435 1006 1531 1047 νέων
1562 1005 1648 1055 ἤθη

214 1052 485 1110 απεργαζεται.
515 1065 558 1096 et
574 1056 647 1096 lib·
667 1057 749 1096 III·
773 1056 825 1096 de
845 1059 950 1111 Rep.
973 1054 1186 1128 οἷκρᾷχολοι
1202 1057 1272 1102 οὖν
1297 1064 1368 1104 καὶ
1383 1060 1536 1117 ὀργίλοι
1558 1060 1653 1103 οἷντι

213 1113 443 1175 θυμοειδων
457 1113 705 1168 γεγένηνται,
734 1115 947 1162 δυσκολίας
966 1113 1136 1194 ἔμπηλεω.
1194 1116 1319 1161 Iunc.

323 1178 395 1222 δια
418 1185 520 1236 φλεβ
492 1180 607 1235 βων]
635 1180 688 1225 A.
719 1179 786 1223 δια
815 1186 879 1235 qa..
909 1184 966 1232 εἷς
998 1183 1079 1224 πᾶν
1109 1185 1337 1238 διασπεῖραι
1364 1184 1483 1226 παντῖ
1500 1183 1554 1240 τῷ
1576 1199 1652 1226 σω-

214 1253 326 1290 ματι.
363 1237 408 1278 Ρ.
441 1253 500 1287 εις
527 1238 608 1280 πᾶν
634 1251 722 1277 non
753 1237 903 1278 habet:
952 1249 1113 1279 caetera
1148 1240 1342 1280 similiter
1381 1243 1650 1294 Augustano.

216 1292 434 1334 Sennnvs.

327 1349 629 1403 διασπείρεται]
658 1349 750 1392 MS,
780 1351 1003 1404 διασπεῖρα.
1032 1363 1090 1390 sc.
1121 1347 1202 1392 α’πο
1229 1367 1359 1393 κοινου
1345 1351 1651 1405 repetendum

217 1418 384 1459 esegm
410 1404 599 1459 praeced.
629 1404 744 1462 ἔργον
759 1406 923 1457 ἥπατος.
950 1405 1041 1448 vid.
1069 1415 1110 1446 et
1129 1407 1239 1446 infra
1262 1408 1593 1460 11,225.1u1m

831 1486 833 1488 ’
882 1476 976 1518 215

328 1525 412 1571 α’πο
434 1529 475 1571 δὲ
498 1533 582 1584 αἵμ
615 1539 693 1569 etc.
706 1530 727 1582 ]
766 1531 823 1570 Et
848 1529 920 1569 illa
951 1526 1035 1573 vino
1059 1529 1100 1572 δὲ
1132 1543 1226 1569 cum
1254 1529 1417 1580 ceteris,
1447 1545 1578 1588 usque
1598 1530 1649 1571 ad

215 1586 394 1629 καλεῖται
411 1587 554 1625 omnia
580 1585 764 1625 desunt'
755 1601 797 1624 m
817 1588 908 1629 MS.
965 1587 1093 1627 IUNG.
1130 1601 1132 1603 ·

278 1659 281 1661 “
327 1652 579 1709 ὀλιγαίμους]
629 1652 865 1693 Adnotavit
895 1653 954 1694 H.
988 1654 1082 1705 Scep
1086 1653 1125 1692 Ῐι.
1155 1652 1200 1692 in
1223 1667 1294 1692 ora
1321 1653 1492 1716 δίαιμος.
1522 1653 1651 1711 quod,

217 1708 358 1760 credo,
388 1709 537 1751 Pollux
559 1723 729 1776 quoque
750 1708 900 1749 addere
925 1708 1136 1749 debuerat.
1193 1707 1322 1750 Imm.

327 1783 372 1809 το
395 1784 468 1820 μεν
489 1765 624 1812 αὑτοῦ,
649 1762 803 1818 πύλαι]
841 1766 928 1806 MS.
958 1764 1005 1808 τό
1023 1766 1095 1818 μέν
1113 1782 1163 1816 τι,
1197 1765 1334 1808 πύλαι.
1389 1768 1514 1808 IUNG.

326 1821 385 1865 οἷπ
393 1821 574 1874 αυτῶν]
606 1821 649 1864 Ρ.
678 1820 736 1863 δι’
757 1819 901 1863 αὐτων.
962 1822 1061 1863 ΞΕΒ.

325 1877 542 1934 πνεύμονος
563 1880 677 1932 λοβοῖ
697 1895 835 1933 πνευμ-
849 1879 869 1931 ]
900 1879 994 1919 MS·
1013 1875 1251 1934 πνεύματος,
1279 1879 1531 1934 πνευμονίαι,
1560 1877 1653 1919 sine

215 1935 339 1989 λοβοί.
399 1936 522 1978 hmo.

252 2020 254 2022 -
879 1995 974 2035 216.

323 2047 414 2101 περὶ
436 2048 651 2100 διαφραγιι.
674 2047 782 2099 etc.]
813 2045 928 2086 Idem
949 2047 1099 2086 titulus
1121 2045 1165 2084 in
1186 2046 1234 2087 C.
1255 2044 1305 2088 A.
1332 2043 1417 2085 nisi
1439 2043 1554 2100 quod
1573 2059 1650 2101 pto

215 2104 283 2148 καῖ
304 2103 384 2147 τῶν
402 2101 555 2146 λοιπων
573 2103 630 2142 sit
647 2111 809 2142 tantum
828 2106 896 2145 καὶ
917 2103 1077 2145 λοιπων.
1135 2101 1310 2143 Kumm.

324 2171 415 2226 περι
434 2167 705 2225 διαφράγματ.
723 2180 800 2211 etc.
811 2170 828 2226 ]
859 2171 1030 2210 Titulus
1054 2170 1099 2208 in
1118 2169 1209 2211 MS.
1239 2170 1334 2221 περῖ
1351 2165 1652 2223 διαφραγματος

214 2227 300 2272 ἅνω
318 2228 489 2277 κοιλίας,
522 2229 712 2292 καρδίας,
740 2227 903 2281 θυμου,
934 2225 1145 2283 ἀρτηριῶν,
1172 2226 1375 2281 τραχειῶν,
1414 2225 1670 2280 πνεύμονος,

215 2289 284 2329 και
306 2303 384 2327 των
402 2285 493 2339 περι
513 2279 624 2325 αὐτα.
683 2283 815 2323 Iuno.

326 2355 371 2396 ἐκ
401 2350 585 2416 φλεβωνι]
617 2350 669 2389 In
696 2349 942 2390 foedissimo
978 2347 1131 2389 mendo
1159 2350 1349 2388 Pollucis
1377 2347 1560 2389 Codices
1581 2348 1656 2388 hie

216 2408 392 2458 cubare,
421 2417 464 2447 et
491 2406 575 2445 nisi
603 2420 680 2459 pro
707 2408 886 2458 ᾳλεβῶν,
917 2406 1078 2458 ύμὲνων
1108 2405 1379 2456 membranis,
1410 2411 1651 2459 reponatur,

220 2475 431 2505 extremae
460 2462 709 2503 oscitantiae
742 2461 1021 2501 damnandum
1053 2475 1140 2502 esse
1171 2462 1495 2501 Grammaticum
1531 2459 1657 2500 docet·

219 2519 510 2561 Doctissimue
537 2519 626 2558 1072.
656 2519 760 2559 Ant.
793 2534 875 2557 van
899 2518 968 2557 der
985 2519 1149 2557 Linden
1175 2518 1221 2556 iu
1232 2517 1452 2558 Medicina
1475 2516 1652 2572 Physio·

217 2577 361 2632 logica
387 2576 465 2618 IV.
497 2589 586 2629 cap.
609 2587 648 2615 2.
678 2589 720 2628 p.
757 2573 844 2616 155.
