1670 2938
184 72 268 112 776
794 66 1027 112 IV.115.

302 178 550 232 σωματεῖον]
584 178 763 218 Salmas.
792 193 871 234 pro
895 181 1115 235 σωματεῒον
1137 181 1194 224 ἔκ.
1210 180 1344 236 jor-te,
1365 181 1525 237 inquit,
1541 198 1639 226 στο-

194 254 338 291 ματιον
361 237 549 278 ἐκαλεῖτο.
579 235 754 275 Momm.

305 292 556 345 σωματεῖον]
607 292 686 330 Pro
715 293 935 346 σωματεῖον
965 292 1155 346 reposuit
1181 294 1396 334 ΚαεῘιηίιιε
1423 293 1639 364 σιιιιμιιέιιον,κ

194 348 261 388 uti
279 358 321 388 et
346 362 469 402 supra
509 349 662 387 Pollux
683 348 841 389 Noster
869 348 952 387 iam
975 348 1126 388 habuit
1143 350 1204 399 11,
1235 348 1328 392 255.
1358 349 1583 407 σωμάτιον,
1612 351 1639 403 ἡ

193 422 273 450 των
293 404 519 457 ὑποκριτῶν
538 401 670 454 σκευή.

306 462 379 516 δὲ]
413 462 548 500 Deest
571 461 645 502 δὲ
634 476 677 499 m
703 462 797 503 MS.
856 462 991 506 Imm.

306 517 583 573 προσωπεῖον]
637 519 706 560 Gl.
742 520 875 559 Vecer.
917 516 1150 570 προσώπων
1177 534 1369 572 persona,
1411 529 1453 561 et
1479 536 1640 576 αρκειον

189 576 439 673 Ρινίεοηαξὶιῖο.
472 574 520 615 C.
543 573 593 612 A.
624 584 724 628 post
745 575 997 631 προσωπεῖον
1016 574 1135 614 addit
1155 579 1235 626 και,
1258 586 1306 616 ut
1329 586 1372 617 et
1391 587 1491 631 post
1509 593 1641 629 προσ-

194 649 257 673 ωπ
279 648 299 680 ς
416 644 553 670 umm.

305 685 612 740 μορμολύκειον]
647 687 773 728 Μ88.
809 685 1090 744 μορμολύκιον.
1123 703 1216 729 cum
1237 705 1272 732 ει
1291 689 1418 729 etiam
1444 703 1561 744 supr.
1581 689 1641 740 11,

193 742 264 786 48.
294 753 336 783 et
358 743 545 793 infrax,
577 742 666 798 167.
725 745 825 786 Sssn.

306 797 616 856 μορμολύκειον]
653 802 744 845 MS.
776 804 845 844 καὶ
869 798 1152 856 μορμολύκιον,
1180 810 1230 841 ut
1253 811 1296 842 et
1323 802 1437 842 infra
1461 802 1517 854 X,
1551 800 1641 858 167.

196 855 335 899 habet.
394 857 526 895 Iunc..

306 908 567 980 Γοργόνειον]
602 913 732 953 Abest
750 911 986 967 Γοργόνειον
1008 929 1029 953 a
1055 913 1102 954 C.
1131 913 1180 953 A.
1238 916 1425 959 liumus.

309 967 575 1022 Γοργόνειον]
607 971 743 1009 Deest
768 971 1010 1026 Γοργόνειον
1029 971 1073 1009 in
1097 972 1184 1013 MS.
1214 985 1291 1025 pro
1325 985 1409 1025 quo
1437 966 1647 1026 Γόργειον,

197 1028 267 1068 vel
287 1028 475 1081 Γοργεῖον
497 1027 637 1065 malim
658 1029 822 1080 legere,
857 1037 904 1066 ut
928 1028 1039 1066 infra
1060 1027 1114 1078 X,
1151 1025 1239 1075 167.
1271 1037 1344 1067 est.
1372 1028 1499 1069 Iuno.

309 1086 405 1135 περὶ
426 1082 539 1124 timui.
571 1093 647 1121 etc,
659 1083 677 1134 ]
714 1085 895 1123 Demum
917 1085 1071 1124 iterum
1094 1084 1137 1122 in
1158 1083 1254 1125 Μ8.
1286 1084 1436 1123 titulus
1454 1084 1649 1138 sequitat

198 1139 320 1179 talis:
352 1142 443 1193 περῖ
471 1136 747 1190 υποὸημάτων,
779 1143 846 1181 καῖ
860 1139 1056 1190 ἐσθήτων
1087 1140 1286 1193 κωμικῶν,
1317 1142 1527 1196 τραγικῶν.
1555 1141 1653 1195 περὶ

198 1193 391 1249 θεάτρου,
422 1194 676 1248 προσώπων,
706 1199 773 1238 καὶ
802 1214 880 1237 των
900 1199 989 1249 περῖ
1018 1194 1132 1238 αυτοῖ.
1163 1197 1250 1235 cui·
1256 1197 1383 1236 titulo
1408 1206 1533 1250 caput
1551 1195 1649 1248 hoc,

200 1260 242 1291 et
270 1266 450 1302 sequens
481 1252 602 1291 XIX.
636 1267 713 1291 nec
739 1253 891 1292 titulus
926 1253 1034 1292 alius
1064 1252 1110 1290 in
1140 1254 1236 1293 MS.
1269 1267 1406 1308 usque
1435 1252 1488 1292 ad
1519 1267 1649 1308 segm.

204 1307 296 1348 155.
327 1307 455 1345 huius
478 1307 591 1346 libri.
652 1309 779 1349 Imm.

311 1360 497 1414 ἐσθήτων
543 1366 768 1420 τραγικῶν]
829 1364 876 1408 C.
917 1365 969 1404 A.
1020 1382 1219 1419 κωμικων.
1270 1374 1431 1406 caetera
1483 1364 1659 1404 absunt.-

201 1421 381 1461 KUEHN.
463 1432 467 1435 ·

313 1478 381 1520 καὶ
402 1475 452 1519 τοὶ
472 1471 735 1532 ὗποδῆματα]
767 1477 812 1517 C.
834 1477 883 1519 A.
914 1475 966 1520 τοῖ
982 1478 1054 1530 μὲν
1074 1475 1147 1521 οὖν
1164 1494 1332 1533 τραγικα
1323 1475 1462 1521 υποδ.
1495 1474 1651 1533 κόθορ-

201 1551 264 1577 νοι
295 1537 363 1577 καῖ
390 1533 578 1601 ἕμβαδες.
625 1534 759 1577 Gloss.
794 1535 928 1579 Veter.
968 1533 1092 1588 ἐμβάς
1122 1536 1271 1588 Solea,
1299 1536 1436 1586 Pero,
1470 1535 1650 1577 Soccus·

207 1592 425 1639 Cothurni,
457 1585 630 1644 ἐμβαται
655 1591 873 1661 τραγῳδοῦ.
931 1591 1105 1632 ΗυΕΗΝ.

315 1647 386 1702 μὲν
401 1645 476 1700 toi]
509 1649 641 1687 Deest
665 1666 714 1689 τα
734 1657 832 1700 post
854 1649 927 1700 μὲν
949 1648 993 1686 in
1016 1648 1111 1688 MS.
1169 1648 1297 1689 Imm.

315 1701 487 1771 ἐμβάται
516 1706 571 1752 δὲ,
602 1707 671 1747 καῖ
691 1703 760 1756 τα]
795 1706 972 1746 Salmas.
1004 1703 1154 1759 ἔμβατα
1174 1707 1216 1746 δὲ
1233 1722 1282 1746 τα
1307 1713 1387 1745 etc.
1422 1702 1596 1746 Kumnr.

316 1758 486 1815 ἕμβαται
516 1762 571 1806 δὲ,
607 1765 673 1804 καὶ
702 1759 780 1813 τα]
828 1762 939 1801 Dele
971 1765 1040 1803 καί
1068 1771 1165 1800 ante
1195 1757 1256 1803 τοτ’.
1294 1761 1509 1801 invectum
1541 1759 1652 1800 enim

206 1831 430 1870 operarum
473 1817 744 1872 negligentia.
804 1819 873 1859 De
922 1817 990 1855 his
1020 1832 1121 1857 vero
1155 1817 1449 1857 calceamentis
1482 1817 1653 1883 tragicis

206 1884 251 1914 et
279 1873 454 1913 comicis
483 1872 570 1913 vid.
602 1875 779 1926 Buleng.
810 1874 845 1915 I.
879 1873 930 1913 de
956 1873 1143 1914 Theatro
1181 1873 1250 1926 47.
1278 1873 1354 1912 ubi
1382 1872 1506 1914 docet
1530 1868 1652 1926 ἐμβά-

204 1946 278 1979 τας
296 1931 538 1969 Lucianum
557 1929 681 1969 etiarn
706 1944 783 1983 pro
805 1930 1023 1970 cothurnis
1044 1929 1248 1984 posuisse.
1306 1930 1436 1972 IUNG.

886 2003 977 2041 116.

319 2053 451 2105 οὕτω]
484 2054 662 2094 Salmas.
687 2052 828 2102 οὕτως.
889 2054 1065 2097 ΚυΕΗΝ.

316 2107 446 2162 οὕτω]
477 2110 567 2149 MS.
599 2110 738 2158 οὕτως.
798 2111 929 2151 Iunc.

319 2164 479 2222 χιτων.]
511 2164 620 2204 Vide
646 2166 757 2205 infla
778 2166 876 2216 VII,
907 2165 974 2220 47.
1030 2167 1155 2207 IUNG·

321 2223 481 2274 ξυστις]
514 2221 628 2261 Ηίηο
654 2223 951 2271 Plutarchum,
977 2222 1051 2261 ubi
1082 2224 1288 2275 interpres
1318 2223 1483 2274 lapsus,
1514 2220 1654 2259 iuter-

209 2289 401 2334 pretatur
419 2279 642 2330 Rlzodigin
669 2278 727 2317 ΙῘ.
767 2280 901 2332 antiq.
937 2255 998 2320 i6.
1030 2276 1419 2333 περιέπιβληματος.
1452 2275 1540 2317 vid.
1571 2277 1653 2319 Iul,

213 2333 730 2390 Scacig.I,P0e1ic.16.
778 2335 906 2376 Imm.

321 2390 492 2447 χλαμυς,
522 2389 760 2446 διάχρυσος]
807 2390 854 2431 C.
887 2391 936 2433 V.
969 2389 1062 2432 sine
1088 2389 1364 2431 distinctione
1391 2386 1543 2449 χλαμυς
1573 2385 1655 2431 διά·

213 2465 375 2503 χρυσος.
415 2450 613 2491 Rumin-

324 2503 502 2560 χλαμυς,
533 2503 764 2558 διάχρυσος]
804 2503 894 2545 MS.
925 2494 1079 2558 χλαμυς
1104 2501 1317 2556 διάχρυσος
1347 2501 1440 2540 sine
1464 2500 1656 2554 interpo-

214 2560 301 2600 sito
323 2570 540 2601 commate.
573 2560 687 2616 quod
705 2570 863 2600 rectum
883 2570 1003 2613 puto,
1031 2575 1109 2599 nec
1130 2559 1289 2599 facile
1277 2558 1463 2598 mveniri
1485 2558 1575 2596 sine
1586 2556 1657 2597 ad·
