1690 2944
134 94 216 134 380
767 91 825 132 II.
886 92 952 131 90.

234 199 493 257 μοιμύλλειν]
543 202 625 242 Pro
645 196 876 254 μοιμύλλειν
896 211 1019 242 antea
1044 203 1148 241 male
1174 200 1422 256 vulgabatur
1440 199 1574 255 νοιμύ·

133 264 225 300 λειν.
264 256 378 312 quod
398 266 440 296 et
464 257 532 298 avi
556 258 717 297 Comm.
748 271 836 312 cap.
858 256 951 311 267.
982 256 1138 301 videre,
1171 258 1244 311 qui
1268 259 1393 299 etiam
1410 253 1574 311 μοιμιῗλ·

132 322 213 356 λειν
236 314 406 361 habent,
438 312 540 354 haec
569 315 760 352 Pollucis
783 314 1056 368 explicante&
1085 314 1179 356 MS.
1211 312 1430 369 μοιμύλειν,
1461 314 1574 352 sicut

133 381 176 409 et
205 373 263 409 H.
293 369 428 422 Steph.
458 382 554 409 orae
583 383 683 409 suae
711 367 955 423 adscripsit:
987 369 1061 424 qui
1088 378 1224 411 tamen
1257 369 1419 425 duplici
1450 373 1496 411 λλ
1525 368 1571 407 in

130 426 371 477 Thesauro,
401 434 450 463 ut
475 435 517 465 et
546 425 725 477 Hesych.
783 426 914 466 IUNG.

239 490 491 545 μοιμύλλειν]
538 491 889 544 Falckenburgius
920 492 975 548 τῷ
995 492 1190 546 νοιμύλειν
1221 492 1300 549 (ita
1329 491 1441 532 enim
1471 491 1571 533 edi-

129 558 216 588 tum
236 557 300 588 est
319 548 364 586 in
387 548 521 602 ipsius
545 546 713 602 codice)
741 549 1037 602 superscripsit
1056 554 1092 600 λ,
1127 559 1175 589 nt
1199 550 1256 587 sit
1276 546 1513 600 νοιμύλλειν.

236 615 440 671 μοιμυᾷν]
485 615 708 670 μοιμυλλᾷν
730 625 907 670 uterque
918 615 1066 658 Codex
1085 630 1162 671 pro
1178 613 1365 671 μοιμυᾷν.
1389 615 1568 655 Kumm.

237 682 445 739 μοιμυᾷν]
487 682 640 722 Adhuc
660 691 723 722 est
741 684 933 738 μοιμυᾷν,
952 681 1063 739 quod
1086 684 1211 723 etiam
1228 697 1279 722 ex
1301 682 1396 725 MS.
1428 697 1570 724 emen-

128 740 287 791 damus,
320 740 394 794 qui
424 737 550 778 habet
570 739 803 793 μοιμυλλᾷν.
862 740 994 779 Iuno.

237 794 509 851 ὄιμηλαίνειν]
560 797 620 836 H.
645 796 779 848 Stepk.
810 796 969 843 forsan,
992 794 1149 848 inquit,
1171 794 1442 849 ὃιαμυλαίνειν
1464 798 1568 833 scri-

126 853 226 907 psit.
255 866 351 891 nam
372 846 501 906 μύλας
521 851 758 901 vocari-1029
778 850 1157 906 oiaydvaqu-eyclz.
1180 860 1327 890 auctor
1349 859 1425 890 est.
1448 848 1566 889 Idem

126 918 263 947 autem
284 908 462 958 Hesych.
494 908 801 960 διαμυλλαίνειν,
830 905 1044 963 χλευάζειν,
1075 908 1141 949 ἐπὶ
1173 907 1240 949 τοῦ
1266 904 1317 949 to?
1343 908 1450 961 χείλη
1482 907 1568 947 δια·

126 964 317 1019 στρέφειν,
345 964 642 1017 διαμωκᾶσθαι.
701 965 759 1004 Et
787 961 1058 1017 διεμύλλαινε,
1102 977 1186 1017 quo
1218 962 1317 1001 usus
1346 962 1565 1014 Aristoph.

115 1022 169 1059 'in
195 1021 317 1071 Vesp.
338 1019 522 1060 eiusdem
547 1019 683 1059 schol.
717 1019 770 1062 ‘coi
788 1024 894 1075 χείλη
917 1021 1148 1074 διέστρεφεν
1179 1016 1234 1068 αἶς
1257 1015 1469 1073 χλευάζων,
1496 1019 1567 1059 καῖ

123 1075 180 1131 μή
198 1072 344 1127 ἦσθεῖς
373 1075 433 1129 τῷ
453 1076 661 1130 λεγομένῳ.
692 1076 765 1115 fol.
795 1076 887 1132 559.
947 1075 1048 1117 SEB.

234 1141 511 1197 ὃιμηλαίνειν]
566 1144 862 1195 διαμυλλαίνειν
889 1143 958 1184 καὶ
988 1139 1065 1196 γὰρ
1086 1139 1139 1184 τά
1166 1141 1279 1196 χείλη
1304 1137 1445 1195 μύλλα.
1476 1135 1565 1182 0’uo-

123 1196 287 1252 ,ιιάζεται
304 1201 345 1240 δὲ
365 1195 489 1240 αὐτόν
507 1195 553 1240 τό
568 1199 640 1252 μὲν
662 1207 741 1238 etc.
774 1197 822 1238 C.
853 1198 904 1238 A.
937 1212 1029 1237 cum
1053 1211 1136 1251 quo
1159 1197 1373 1237 consentit
1395 1197 1566 1236 Vossia-

123 1271 216 1307 nus,
246 1255 334 1293 nisi
359 1252 489 1308 quod,
521 1263 618 1308 post
643 1256 773 1307 μῦλλα
795 1253 901 1306 legit
927 1249 1301 1308 προσαγορεύουσιν.
1333 1249 1565 1306 ὀνομάζεται

68 1322 71 1324 “
122 1315 177 1354 δεῖ
210 1312 512 1364 διαμυλλαίνειν
540 1311 646 1364 legit
674 1310 800 1350 etiam
823 1309 1077 1349 Salmasius.
1135 1308 1315 1348 Kumm.

233 1376 518 1431 διμηλαίνειν]
564 1376 736 1430 Optime
755 1377 851 1418 MS.
884 1374 1008 1416 credo
1031 1385 1073 1415 et
1089 1375 1290 1415 vitiosum
1317 1374 1562 1428 διμηλαίνειν

123 1435 312 1489 corrigit.
344 1431 471 1473 habet
499 1432 612 1472 enim
641 1434 951 1486 ὃιαμυλλαίνειν,
980 1431 1044 1471 nil
1075 1431 1229 1480 verius,
1259 1430 1360 1471 vide
1385 1430 1559 1482 Hesych.

124 1491 239 1532 said.
282 1491 354 1537 At,
386 1488 571 1542 iuquieS‚
608 1488 700 1542 ipse
728 1490 884 1527 Pollux
909 1487 992 1526 hoc
1013 1496 1153 1541 negat,
1183 1489 1462 1540 et,vulgatum
1487 1484 1562 1523 fir-

120 1557 221 1597 mat,
253 1559 380 1600 quum
402 1544 543 1584 statim
564 1544 626 1583 ait
639 1543 754 1583 labra
774 1544 882 1597 μῆλα
901 1543 1115 1596 adpellari.
1173 1544 1305 1582 Immo
1331 1551 1374 1580 et
1392 1542 1471 1579 ista
1490 1540 1558 1579 aio

121 1602 332 1642 mendosa.
389 1600 458 1640 Ita
481 1600 594 1640 enim
615 1600 798 1653 optimus
827 1600 921 1639 MS.
952 1601 1020 1641 καὶ
1039 1616 1075 1653 7.
1102 1616 1136 1639 τ.
1163 1600 1270 1652 χείλη
1296 1594 1425 1649 μύλλοι
1445 1612 1559 1649 προσ.

119 1659 220 1698 Non
238 1657 412 1698 verbum
431 1654 483 1696 de
500 1669 593 1696 meo
616 1654 763 1695 addam
782 1656 983 1710 amplius:
1017 1653 1090 1694 sed
1108 1653 1211 1693 haec
1230 1653 1280 1692 ab
1299 1651 1560 1706 Etymologo:

118 1715 443 1768 διαμυλλαίνειν,
489 1709 786 1767 Ἀριστοφάνης
824 1711 1106 1764 διαμωκᾶσθαι
1143 1711 1224 1758 τοῖς
1256 1711 1440 1764 χείλεσιν·
1479 1706 1561 1750 dno*

116 1772 197 1812 τῶν
216 1767 389 1823 μύλλων.
425 1764 573 1820 μύλλαι
589 1765 667 1822 γοέρ
699 1765 830 1821 (forte
852 1767 977 1807 etiam
995 1764 1219 1822 legendum
1240 1763 1387 1820 μύλλοι)
1413 1762 1465 1808 τοὶ
1483 1766 1560 1818 χεί-

118 1831 190 1877 λη·
225 1829 295 1869 καῖ
325 1820 479 1879 μύσταξ
505 1833 582 1863 eto.
640 1825 766 1865 Imm.
1391 1817 1394 1820 ⁴

227 1880 499 1934 διμηλαίνειν]
549 1879 903 1932 Falckenbargius
931 1879 1187 1928 διμυλαίνειν.

188 1934 191 1937 ⁴
228 1933 593 1990 προσαγορεύουσι]
648 1931 708 1975 Η.
744 1936 882 1986 Steph.
936 1933 1007 1973 hic
1043 1932 1094 1973 ad
1131 1928 1470 1988 προσαγορεύουσι
1498 1931 1558 1972 ita

118 1992 361 2034 adnotavit:
403 1991 566 2030 videtur
595 1989 933 2045 προσαγορεύουσι
963 1990 1181 2029 subaudiri
1210 1994 1249 2032 οἱ
1280 1991 1473 2040 κωμικοῖ,
1511 1996 1559 2026 ut

117 2050 227 2088 dixit
245 2047 272 2097 ἦ
289 2048 489 2102 κωμῳδία.
546 2047 675 2088 Bene.
695 2061 788 2086 nam
811 2062 864 2088 ex
885 2047 1168 2097 Aristophane
1187 2044 1294 2084 illud
1321 2045 1559 2096 διαμυλλαί-

115 2121 197 2148 νειν
223 2102 422 2144 adfertur.
470 2103 573 2142 Post
597 2119 761 2158 προσαγ.
790 2102 849 2142 ita'
883 2103 972 2144 MS.
1000 2098 1235 2154 ὀνομάζεται
1265 2101 1309 2142 δέ
1333 2098 1466 2142 αὐτῶν
1497 2095 1555 2141 τό.

114 2162 344 2202 Iunonum.

224 2215 412 2270 χειλέων]
463 2214 521 2257 H.
543 2213 680 2266 Steph.
709 2212 780 2252 hic
799 2213 852 2254 ad
870 2214 1028 2268 χειλέων
1050 2210 1285 2263 adscripsit,
1306 2223 1386 2248 non
1405 2210 1553 2263 χειλῶν,

115 2284 164 2312 ut
194 2271 359 2311 scilicet
390 2284 490 2311 mox
520 2279 597 2316 est,
636 2267 752 2323 quod
773 2279 910 2309 tamen
933 2278 976 2309 et
995 2269 1094 2309 MS.
1124 2265 1264 2313 habet,
1294 2274 1344 2304 ut
1373 2275 1416 2305 et
1443 2266 1554 2305 infra

114 2343 241 2383 segm.
272 2326 402 2387 huiug
434 2326 534 2366 libri
566 2323 633 2382 98.
693 2323 818 2366 Iuno.

225 2397 316 2447 περὶ
344 2394 389 2437 τὸ
422 2394 515 2438 ὅλον
545 2390 692 2446 στόμα]
739 2393 787 2432 C.
821 2391 872 2430 A.
911 2405 963 2430 ex
991 2389 1253 2430 correctione
1281 2391 1370 2444 περὶ
1395 2389 1488 2432 ὅλον
1510 2388 1556 2432 τό

115 2448 257 2505 στόμα.
286 2451 334 2492 C.
365 2450 418 2490 V.
449 2453 542 2504 περὶ
565 2449 644 2504 ὅλῳ
666 2446 725 2502 τῷ
746 2445 909 2498 στόματι
939 2446 1076 2499 κῆμος.
1133 2445 1313 2484 Kumm.

225 2504 394 2560 περὶ,τό
423 2506 516 2551 ὅλον
549 2504 705 2559 στόμα]
767 2504 859 2545 MS·
892 2505 986 2556 περὶ
1014 2502 1094 2556 ὅλῳ
1122 2506 1178 2555 τῷ
1205 2497 1386 2554 στόματι,
1415 2501 1551 2554 κῆμος.

114 2574 192 2606 etc.
222 2565 346 2604 luno.

1635 202 1646 223 ἱ
