1670 2938
223 61 306 101 622
819 58 901 100 ΙΙΙ.
964 63 1054 103 136.

275 169 279 173 ’
334 170 619 224 θερμιουργία]
650 167 916 225 θερμιουργία
940 186 1024 212 non
1045 175 1193 225 placet.
1222 186 1379 229 repone
1402 174 1658 230 θερμούργία.

224 234 366 280 pateat
398 226 480 265 hoc
508 240 559 265 ex
595 226 783 278 praeced.
823 228 1086 282 θερμουργός.
1144 229 1325 268 Monuit
1358 239 1401 269 et
1433 231 1491 271 H.
1522 232 1657 283 Steph.

225 285 271 321 in
295 281 509 320 Thesauro
530 285 794 336 θερμιουργία
810 298 1025 338 perperam
1047 285 1119 324 hic
1148 284 1289 326 scribi.
1318 289 1567 340 θερμουργία
1589 297 1662 326 et-

224 339 308 377 iam
340 337 412 376 hic
445 339 638 392 agnoscit
668 340 756 379 lae.
798 341 1008 379 Nicolaus
1044 342 1079 382 I.
1111 341 1304 395 Epiphil.
1338 343 1401 383 16.
1433 343 1506 382 ubi
1541 343 1660 383 vocis

223 394 352 433 huius
377 393 660 446 metaphoram
679 397 854 437 evolvit.
912 397 1040 439 Iuno.

335 446 548 503 εὐτολμία]
590 450 664 489 Bis
695 451 881 492 occurrit
908 451 1103 507 εὐτολμία.
1133 452 1245 494 unde
1277 455 1451 494 alterum
1481 453 1660 494 mendo—

223 521 315 547 sum
342 520 430 546 esse
463 504 731 545 manifestum
760 517 835 549 est.
869 509 955 548 nisi
983 509 1147 548 librarii
1174 509 1284 550 vitio
1308 509 1417 550 hanc
1438 509 1659 564 repetitio·

222 577 318 603 nem
349 561 577 616 contigisse
601 572 736 615 putes,
769 574 811 603 et
840 565 958 617 prius
988 565 1175 620 εὐτολμία
1198 564 1433 606 delendum.
1459 565 1659 606 conside-

222 628 319 659 rent
346 618 446 658 alii:
481 632 557 658 nos
590 619 762 658 nomine
792 620 972 673 εὕτολμοι
1004 623 1264 662 coniectores
1305 621 1480 677 ingenio
1509 621 1660 661 defici-

223 689 330 714 mur.
387 675 515 715 Putat
533 683 671 714 tamen
695 675 914 715 nobiscum
939 686 981 716 et
1002 679 1234 717 Salmasius
1251 677 1355 718 illud
1374 679 1493 731 prius
1513 676 1658 718 delen..

223 731 349 772 dum:
379 730 525 784 itaque
545 744 636 769 cum
654 729 840 788 εὐτολμίᾳ
863 732 908 771 id
934 734 1013 773 iam
1038 734 1272 774 delendum.
1329 734 1461 775 que.

335 785 553 841 εὐψυχεῖν]
605 789 783 840 Interpr.
823 792 1038 832 animari:
1078 791 1217 829 malim
1244 804 1298 831 ex
1323 791 1506 845 Glossi83
1541 790 1656 832 bono

224 843 367 884 animo
389 857 491 891 esse,
522 842 715 900 εὔψυχος,
746 848 966 886 animosus.
1023 847 1200 888 Komm-

334 967 578 1023 προπεπῶς]
623 967 709 1010 Scr,
737 971 958 1023 προπετῶς.
1018 970 1116 1012 sm.

335 1022 515 1077 ἔπιὸεής]
541 1024 657 1064 Nota
678 1024 850 1076 ἕπιδεής,
882 1026 943 1065 sic
960 1027 1069 1066 enim
1090 1035 1165 1068 est.
1195 1027 1264 1066 Ex
1281 1026 1516 1082 Phrynichi
1531 1026 1657 1066 Ecl'o-

223 1080 290 1138 gis
309 1080 588 1121 accessionem
618 1079 709 1119 fieri
731 1096 856 1135 posse
885 1081 938 1121 ad
966 1085 1023 1125 H.
1050 1083 1187 1135 Steplz‚
1215 1083 1474 1124 Thesaurum
1491 1082 1658 1122 notavit

223 1139 462 1179 Nunnesius
483 1134 528 1174 iu
552 1135 638 1174 suis
658 1136 786 1176 Notis
807 1137 858 1176 ad
879 1140 970 1177 illas
991 1139 1232 1192 aliquoties,
1290 1140 1383 1195 Ego
1406 1153 1458 1179 ex
1484 1137 1661 1178 Polluce

224 1203 372 1234 nostro
406 1206 493 1231 non
529 1191 667 1231 minus
706 1193 1003 1245 poenitendam
1036 1194 1129 1234 fieri
1159 1209 1282 1248 posse
1316 1195 1434 1236 novi.
1493 1194 1658 1250 Quibus

222 1250 292 1290 illi
313 1248 529 1288 Thesauro
552 1257 836 1301 superstruere
856 1249 1019 1302 aliquid
1039 1253 1108 1289 vel
1130 1251 1213 1289 sibi
1237 1252 1341 1303 ipsis
1362 1260 1527 1305 praeter
1547 1251 1658 1291 alio-

224 1321 316 1346 rum
341 1318 466 1357 opera
487 1303 569 1343 iam
597 1304 806 1356 quaesitas
834 1319 960 1358 porro
983 1306 1232 1359 conquirere
1250 1320 1350 1359 opes
1373 1307 1551 1347 Graecas
1568 1307 1657 1346 ani-

224 1375 338 1408 mus,
373 1359 458 1398 illis
479 1358 562 1398 hoc
582 1372 706 1399 curae
734 1361 805 1400 sit.
862 1362 967 1400 Tam
994 1361 1044 1401 de
1063 1361 1278 1401 vocabulis
1301 1363 1404 1415 ipsis
1425 1376 1512 1403 non
1540 1363 1656 1415 posi-

225 1418 281 1458 tis
306 1415 404 1456 ‘dico
436 1414 533 1467 hoc,
566 1428 688 1469 quam
717 1414 769 1456 de
795 1417 947 1469 positis
973 1417 1154 1471 quidem,
1185 1417 1257 1457 sed
1279 1433 1364 1458 non
1387 1418 1468 1458 hoc
1491 1417 1657 1473 signifi-

222 1483 338 1514 catu.
397 1472 508 1511 Ecce
527 1469 714 1523 περιδεής
735 1472 903 1526 quidem
928 1474 1072 1527 posuit
1094 1472 1253 1527 duplici
1277 1474 1522 1529 significatu
1542 1477 1658 1530 ‘3³⁸9'-

221 1527 395 1584 γητικῶς
422 1529 493 1570 καὶ
522 1528 770 1579 παθητικῶς.
826 1529 926 1569 Non
956 1539 1094 1569 tamen
1126 1528 1306 1580 ἐπιδεής,
1339 1530 1462 1583 quod·
1489 1531 1656 1586 gemino

224 1584 351 1626 modo
375 1583 447 1624 hic
467 1582 679 1624 habemus.
712 1599 836 1639 supra
856 1599 982 1641 segm.
1020 1585 1105 1627 154.
1133 1587 1246 1626 enim
1267 1589 1422 1635 ἐπιδεὲς
1448 1586 1658 1628 formido-

224 1644 361 1683 losum
383 1640 478 1689 erit,
511 1649 554 1680 et
582 1642 695 1696 quod
722 1651 920 1681 terrorem
953 1643 1146 1681 incutiat.
1179 1642 1250 1682 hic
1282 1657 1382 1683 vero
1410 1641 1566 1694 ἑπιδεής
1593 1654 1656 1684 est

223 1698 498 1738 meticulosus
538 1696 652 1750 ipse,
696 1700 751 1737 et'
777 1698 849 1752 qui
877 1698 1003 1738 facile
1033 1708 1279 1740 exterretur.
1319 1714 1342 1738 a
1373 1713 1457 1753 quo
1489 1708 1530 1740 et
1557 1715 1657 1740 mox

221 1767 350 1808 segm.
384 1751 487 1806 157·.
505 1751 674 1802 ἒπιδεαῗς
704 1752 843 1793 habes.
903 1754 1018 1794 Idem
1050 1755 1216 1795 notabis
1246 1755 1296 1796 de
1314 1754 1520 1806 καταδεής,
1543 1756 1655 1811 quod

222 1809 298 1848 hio
322 1823 416 1848 cum
443 1806 665 1863 συνωνύμῳ
695 1824 772 1850 suo
801 1810 960 1861 ἑπιδειῑς
992 1810 1210 1866 iungitur-3
1246 1813 1359 1852 sicut
1383 1821 1430 1853 et
1456 1813 1656 1861 καταὸεῶς

222 1879 321 1906 oum
341 1861 508 1914 ἔπιδεαῗς
527 1867 624 1904 loco
643 1864 773 1907 dicto.
831 1867 962 1908 Iunc.

334 1919 676 1974 καταπεπτηκαῖς]
730 1922 820 1964 Ser.
850 1922 1112 1978 κατεπτηχαῖς,
1143 1934 1192 1964 ut
1224 1933 1287 1964 est
1313 1938 1439 1979 segm.
1469 1938 1554 1978 seq.
1580 1924 1655 1964 ubi

223 1986 267 2018 et
310 1990 391 2017 scr.
428 1980 729 2033 κατεπτηχέναι.
774 1981 953 2034 Hesyeh.
996 1980 1182 2031 ΙΙιοὶκες,
1219 1980 1247 2032 ἤ
1288 1983 1498 2031 πτακίδες,
1535 1984 1656 2024 δειλοὶ

221 2027 448 2087 ἐπτηχότες.
507 2034 606 2074 Sssn.

332 2087 663 2143 καταπεπτηκαῗς]
707 2090 783 2131 Vel
803 2091 1058 2148 κατεπτηχαῖς
1078 2096 1147 2134 vel
1174 2091 1495 2147 καταπεπτηχαῖς,
1519 2103 1566 2134 ut
1585 2093 1655 2133 in-

223 2145 289 2186 fra
310 2147 662 2199 καταπεπτηχέναι.
695 2157 832 2187 mente
855 2159 896 2188 et
917 2150 1095 2204 genibus
1114 2159 1300 2190 tremens.
1360 2148 1542 2193 Kumm,

333 2202 576 2255 περίφοβος]
622 2205 836 2257 περίφορος
865 2215 985 2245 antea
1016 2208 1122 2244 male
1147 2205 1190 2243 in
1217 2205 1400 2258 vulgatis
1422 2203 1653 2260 legebatur,

254 2271 303 2306 ro
321 2271 406 2313 quo
430 2259 648 2314 περίφοβος
678 2268 720 2298 et
744 2260 789 2298 in
817 2260 964 2302 codice
986 2275 1063 2301 suo
1093 2261 1152 2300 H.
1185 2260 1324 2312 Steplz.
1353 2260 1655 2302 emendaverat.

249 2326 443 2357 UNGERM.

334 2369 492 2426 ἄψυχος
521 2369 632 2423 etc.]
668 2370 842 2410 Salmas.
874 2385 963 2411 non
994 2373 1098 2428 legit
1124 2372 1303 2428 ἄψυχος,
1335 2371 1432 2413 dein
1463 2371 1567 2426 πτοῖξ
1589 2377 1655 2415 vel

222 2427 375 2474 πτακίς.
433 2427 605 2477 Hunni<-

334 2481 493 2538 ἄψυχος
523 2482 625 2535 etc.]
663 2481 841 2537 ἄψυχος,
870 2483 1085 2535 καταπλήξ.
1117 2481 1143 2527 o‘
1164 2483 1238 2540 γοῖρ
1266 2485 1441 2540 ἄψυχος,
1471 2486 1651 2529 ἰδιωτῶν.

223 2537 295 2577 hic
314 2538 464 2579 iterum
483 2540 578 2579 talis
600 2538 762 2589 menda,
796 2543 958 2594 qualem
978 2551 1098 2582 antea
1121 2543 1204 2594 III,
1234 2543 1320 2585 156.
1356 2543 1651 2585 indicavimus.
