1670 2938
152 95 235 137 812
751 90 825 132 IV.
887 94 977 134 141.

148 221 221 300 ἴῃ.
252 205 349 251 sig-l.
377 218 420 243 π.
451 200 555 259 Ευρ.
585 220 609 253 η
638 207 736 257 Τυρ.
772 216 879 257 quae
906 201 1041 243 media
1060 206 1185 259 vulgo
1207 219 1305 246 mox
1323 206 1435 246 infra
1454 209 1581 263 legas.

176 271 374 300 UNGERM.

251 315 406 368 Ἄργος]
429 315 531 353 Post
551 313 649 354 illa.
678 313 706 365 ἦ
720 313 874 368 ''A9709
894 314 1211 369 πολυόφθαλμος
1229 319 1584 372 Falckenburgiue

150 371 268 414 addit
287 370 527 424 sequentia:
557 369 585 420 ἡ
600 370 766 422 ‘Inuum'
786 373 987 437 X51'9wvog·
1014 373 1331 426 ὖπαλλαττομένη
1355 379 1413 424 εἰς
1430 375 1582 418 ’Ἰππον

149 445 231 484 παρ
270 426 481 484 Εὐριπίδη.
514 440 620 493 quae
649 437 786 466 tamen
815 441 912 467 mox
938 429 984 466 in
1013 429 1196 498 vulgatis
1229 440 1475 485 sequuntur,
1506 431 1583 470 ubi

149 485 317 534 ,Εὐίππη
338 478 739 534 est‚non‘1nmm2,
778 498 854 537 pro
887 498 971 538 quo
992 493 1128 524 tamen
1140 483 1270 538 Ἵππη
1298 490 1486 539 mallem,
1514 486 1582 526 uti

150 543 316 583 scilicet
339 538 491 580 MSSti
519 538 692 580 habent.

258 607 286 659 ἦ
313 605 449 661 Τυρω]
502 607 646 647 Placet
666 606 771 646 mihi
796 605 914 663 Τυραῗ
932 610 1159 661 vulgatum,
1190 606 1242 648 de
1262 610 1381 650 cuius
1400 622 1581 651 noverca

148 665 426 720 Apollodorus
461 662 556 703 libr.
584 663 619 704 Ι.
650 677 743 718 pag.
769 662 837 706 45.
895 664 1068 705 KunuN.

260 748 372 785 παρα
391 732 616 784 Σοφοκλεῖ]
659 731 761 771 Sine
779 729 942 770 dubio'
931 745 976 769 m
1000 733 1252 787 cognomine
1277 733 1417 772 fabula
1445 735 1579 786 Tyro,

151 792 315 845 qualem
336 786 551 840 scripsisse
574 787 812 838 Sophoclem
837 786 984 826 docuit
1007 788 1272 829 casaubonus.-
1298 790 1394 832 VII.
1423 790 1577 830 Athen.

146 848 186 889 4
224 846 283 884 Et
315 843 458 883 nescio
498 857 640 882 annon
682 843 793 909 apud
831 843 1026 895 Aeschyli
1061 844 1326 885 Scholiastem
1357 844 1409 884 ad
1439 850 1579 900 Προμ.

146 907 256 957 δεσμ.
287 900 349 939 ibi
356 901 492 968 μηδὲν
510 899 713 965 φοβηθῇς]
742 916 762 941 o
787 897 963 970 ῥυθμός.ν
966 898 1332 954 ’Avau9eo'vuco'g'
1310 917 1396 944 εστι
1413 907 1580 945 κεκλασ-

146 960 260 1014 μένος
290 973 389 1010 προς
406 973 449 998 το
477 953 732 1024 θρηνητικόν.
754 965 832 995 etc.
863 955 1028 1028 ἐχρωνξο
1061 959 1104 999 δὲ
1131 956 1264 1007 αυτοῖς
1288 956 1366 1000 ov’n
1386 960 1428 1001 ἐν
1455 960 1582 1000 παντὶ

147 1015 269 1068 τόπῳ,
305 1011 387 1054 ἀλλ’
405 1014 450 1054 ἐν
470 1015 551 1061 τοῖς
568 1013 840 1065 θρηνητικοις,
870 1012 923 1059 αἶς
942 1014 1008 1054 καὶ
1025 1014 1237 1066 Σοφοκλης
1268 1015 1394 1066 Τηροί.
1425 1013 1578 1068 Quam-

149 1072 212 1112 vis
234 1056 509 1108 doctissimus
548 1070 608 1110 H.
642 1068 875 1119 Stephanus
903 1068 964 1106 ibi
995 1069 1185 1110 emendet
1222 1073 1350 1136 Ίηρεῒ.
1406 1070 1581 1110 Scilicet

148 1122 448 1168 restituendum
472 1127 609 1179 Τυροῖ.
666 1124 743 1162 Ait
760 1137 864 1163 vero
887 1134 1028 1163 noster
1043 1124 1210 1177 πελιδνη
1221 1123 1289 1176 τοῖς
1302 1125 1480 1190 παρειάς.
1510 1143 1580 1168 κα·

148 1182 339 1235 κουμὲνην
365 1197 440 1236 γαρ
475 1189 614 1219 narrat
639 1177 719 1221 v‘no
751 1180 939 1234 μητρυιᾶς
970 1180 1082 1219 illam
1119 1183 1397 1234 Apollodorus
1441 1181 1516 1222 lib.
1543 1182 1577 1223 Ι.

145 1237 354 1279 Biblioth.
386 1249 491 1288 quae
514 1239 658 1289 pulcre
681 1250 771 1273 cum
793 1236 948 1274 Nostro
973 1238 1243 1280 conveniunt.
1273 1237 1456 1279 subiicit
1468 1238 1580 1278 enim

148 1294 291 1335 eadem
323 1292 586 1344 explicatius.
620 1305 718 1330 mox
749 1289 800 1331 de
828 1293 989 1343 Euippe
1017 1291 1117 1331 hinc
1143 1294 1266 1332 etiam
1297 1294 1496 1334 Parrha-s.
1528 1293 1579 1333 de

145 1350 227 1392 reb
256 1362 331 1402 per
351 1348 490 1400 Epist.
521 1361 659 1401 quaes.
688 1346 810 1400 epist.
830 1347 923 1389 VII.
954 1345 1138 1387 diximus
1161 1362 1285 1403 supra
1303 1349 1350 1388 in
1368 1350 1465 1391 MS.
1491 1362 1579 1390 esse

146 1426 170 1459 η
190 1407 333 1456 ’,Ιππηο
392 1404 520 1445 Imm

255 1471 371 1514 τοῦτο
391 1469 450 1525 δ’]
496 1471 650 1526 Margo
682 1470 731 1512 C.
760 1470 810 1514 A
836 1446 975 1524 ·usque
996 1469 1047 1509 ad
1069 1470 1259 1514 πέπονθε.
1317 1472 1493 1515 Humm.

256 1538 445 1595 σιδήρου]
493 1539 635 1578 Codiei
658 1538 858 1578 Vossiano
888 1537 990 1576 haec
1023 1539 1202 1592 ascripta
1234 1539 1306 1578 bic
1337 1549 1425 1579 erat
1451 1549 1576 1581 nota.

144 1599 351 1652 Σιδεροῦς,
381 1600 428 1636 in
445 1597 641 1646 versione,
666 1609 739 1646 per
749 1593 866 1648 ferri
875 1595 1041 1647 plagas,
1076 1597 1176 1647 Tyro
1204 1596 1423 1634 crudeliter
1448 1600 1578 1650 tergi—

145 1656 390 1694 versabatur
413 1667 440 1691 a
465 1666 638 1691 noverca
668 1665 745 1689 sua
775 1650 929 1689 Sidere.
959 1651 1089 1691 Diod.
1117 1651 1248 1692 Sicul.
1276 1651 1351 1692 lib.
1369 1651 1445 1693 IV.
1472 1655 1579 1693 ,Ari-

146 1719 243 1751 εισι.
273 1711 334 1758 ΙΙ,
366 1709 431 1775 ²5...
469 1708 588 1749 Rhet,
617 1707 699 1750 οἷον
718 1706 1057 1759 ωςὸΣοᾳοκλῆς·

310 1764 452 1819 σαφῶς
479 1763 644 1818 Σιδηρῷ
670 1764 739 1805 καὶ
765 1763 941 1818 φοροῦσα
970 1763 1152 1818 τοῦνομα.

144 1837 385 1875 Rectissime
403 1835 543 1884 itaque
559 1831 766 1871 Pollucem
782 1830 968 1869 emendat
1002 1830 1051 1868 G.
1080 1833 1136 1870 B.
1167 1832 1428 1876 Meziriacus,
1463 1831 1578 1871 Hac-

144 1902 268 1932 tenus
293 1899 395 1930 nota
423 1889 467 1928 V
463 1902 633 1927 ossiana
653 1887 867 1926 Aristotel.
897 1889 1038 1925 locum
1060 1887 1196 1941 tangit
1229 1886 1354 1926 etiam
1379 1888 1574 1929 Eustath.

146 1948 192 1986 in
229 1947 367 1998 Odyss.
399 1959 491 1998 pag.
514 1943 602 1998 194.
633 1942 705 1981 ubi
725 1944 924 1995 θρασεῖαν
951 1944 1116 1995 γυναῖκα
1144 1952 1264 1981 vocat
1294 1961 1368 1993 την
1394 1941 1577 1996 Σιδηραῖι

144 2005 235 2056 ipsa
265 2000 503 2041 emendatio
537 2008 654 2039 extra
683 2013 845 2038 omnem
865 1999 1003 2051 posita
1030 2008 1091 2037 est
1113 2001 1253 2040 aleam.
1283 2001 1400 2038 locus
1433 1999 1577 2051 itaque

143 2056 396 2098 vertendus:
435 2057 512 2095 hoc
545 2068 639 2094 vero
670 2069 697 2094 a
735 2056 882 2107 plagis
917 2055 1146 2106 Nouercae,
1171 2055 1314 2093 Sidero
1345 2057 1382 2093 ei
1403 2055 1574 2096 accidit.

143 2115 324 2155 Kumm.

253 2169 282 2221 ἤ
302 2166 497 2218 Εὐίππη]
553 2165 679 2208 MSS.
709 2166 851 2217 Ἰπηη.
891 2166 1098 2208 Perottus,-
1135 2165 1373 2220 praemissis
1398 2165 1575 2220 quibus-

144 2226 237 2266 dam
259 2225 311 2266 de
329 2227 516 2277 Pegaso.-
546 2222 633 2272 alii,
655 2222 809 2276 inquit,
825 2225 988 2274 Hippea
1004 2223 1191 2260 Chironis
1209 2221 1407 2261 Centauri
1430 2222 1574 2262 filiam:

151 2283 305 2323 Theam
328 2290 450 2320 antea
473 2281 745 2332 appellatam:
775 2293 879 2331 quae
903 2293 994 2316 cum
1020 2279 1063 2315 in
1084 2287 1224 2316 monte
1246 2277 1363 2316 Pelio
1389 2291 1478 2317 sese
1506 2293 1575 2318 ve-

144 2338 286 2378 nando
316 2344 551 2384 exerceret,
582 2333 753 2388 gravida
784 2335 893 2372 facta
924 2343 964 2372 et
995 2333 1047 2372 ob
1077 2333 1206 2387 patris
1238 2332 1574 2386 indignationem

144 2395 322 2440 timens,
353 2392 524 2432 deorum
556 2389 826 2428 miseratione
859 2389 903 2426 in
937 2404 1083 2443 equam
1112 2402 1309 2428 conversa
1338 2399 1424 2437 est,
1463 2390 1574 2430 etin

145 2453 304 2491 caelum
330 2444 531 2487 translata
563 2455 639 2487 etc.
670 2445 714 2483 in
754 2445 975 2496 Cornucop.
1005 2446 1099 2486 512.
1157 2446 1253 2485 San.

255 2510 498 2566 ἤ“Ευί’ππη]
533 2513 743 2553 Salmas.
786 2512 902 2564 sorte
931 2511 958 2561 ἢ
987 2510 1114 2553 ‘lanai
1144 2512 1367 2562 Sophocles
1406 2514 1576 2564 scripsit

146 2570 310 2616 ἱππῶσα
327 2571 364 2622 η’.
395 2570 489 2610 vide
512 2583 652 2622 supra.
684 2567 886 2618 ἤἼπποις
918 2569 1118 2620 Χείρωνος
1137 2584 1157 2605 e
1173 2568 1293 2607 MSS.
1324 2568 1383 2607 ita
1409 2567 1495 2607 illc.
1524 2583 1575 2608 ex

1653 2318 1670 2609 >¹⁴m3ffl33ffl0wffi¹·m.paezn‹
1656 2221 1670 2286 ·'1==.
1667 2194 1670 2195 ,
