1682 2956
213 91 296 132 112
855 89 890 130 I.
949 93 1019 133 81.

321 201 455 255 τέγος]
510 201 557 242 C.
586 201 633 240 A.
677 200 810 253 στέγος
843 203 1021 255 Hesyeh·
1058 203 1193 260 τέγος,
1223 204 1360 262 στέγη,
1393 209 1528 263 δῶμα,
1556 206 1649 251 ν’πε·

210 257 323 314 ρῷον.
357 259 485 300 Salm.
512 259 655 313 τέγους.
717 257 896 296 Kumm.

344 327 453 380 ,ς’γος]
500 323 615 378 Quid
634 325 767 376 τέγος,
789 334 830 364 et
851 328 1150 381 προτεγίσματα
1171 329 1303 385 (quod
1322 332 1378 371 H.
1397 332 1548 370 Iunius
1561 331 1649 370 No·

207 382 353 426 mencl.
392 383 436 419 in
473 380 725 433 Sabgrunda
754 380 917 435 laudat)
948 382 1049 422 hine
1085 386 1211 424 etiam
1251 386 1437 439 explicat
1462 388 1648 426 Anatim.-

205 444 369 483 Foesius
389 440 433 476 in
468 437 616 475 Oecon
648 438 853 488 Hippocr.
883 452 988 479 voce
1016 438 1215 494 'Ae'twpcm
1247 442 1319 482 sed
1345 441 1485 482 verbis
1508 441 1648 482 inter-

203 499 347 553 pteris,
377 492 451 550 qui
471 502 608 533 tamen
631 493 773 532 nescio
794 506 918 546 quam
946 503 1111 549 tegetem
1128 511 1206 551 pro
1237 507 1351 538 tecto
1374 497 1501 538 nobis
1522 498 1644 538 texit.

201 555 427 595 IUNGERM

313 613 573 673 απεῤῥῦκειν]
634 615 681 657 C.
713 616 763 655 Α.
803 614 1042 672 ἀπερύκειν,
1088 635 1240 661 arcere.
1320 620 1502 662 Videtur
1539 621 1642 661 olim

202 677 339 717 fuisse
365 675 583 740 scriptum3
611 668 840 740 οἷπερῥῦειν.
878 677 1111 717 Salmasius
1143 678 1268 718 etiam
1296 675 1502 734 οἷπερυειν,
1529 677 1643 734 quod

201 732 405 774 convenit
433 745 525 770 cum
551 726 777 786 ἀπερύκειν.
837 731 1017 774 Knmm.

310 806 587 866 οἷπεῤῥύκειν]
640 810 721 847 Pro
749 807 991 863 οἷπερῥῦκειν
1030 812 1204 852 omnino
1235 812 1456 867 legendum
1488 809 1641 868 ἀπερύ-

197 885 296 919 κειν,
329 878 370 908 et
403 868 460 906 Η
486 865 622 917 steph.
655 868 830 905 alterum
850 884 873 922 ρ
896 867 1118 908 delendum
1139 868 1347 908 indicarat
1373 869 1420 909 in
1451 883 1529 910 suo
1560 883 1640 909 co-

197 927 306 966 dice.
345 923 478 963 Labb
518 932 657 960 tamen
686 918 865 986 οἷπερύην
891 923 1037 974 habet,
1074 939 1152 978 pro
1184 923 1371 979 οἷπερύειν
1397 924 1550 975 credo,
1589 934 1639 964 ut

194 981 321 1023 MSS.
353 992 474 1033 saepe
495 996 521 1028 η
545 991 621 1031 pro
643 994 678 1018 a
697 977 851 1018 vitiose
870 978 1038 1022 habent.
1095 981 1227 1021 IUNG.

307 1077 357 1101 τα
386 1055 420 1099 δ’
453 1053 560 1098 αὕτα
599 1058 667 1098 και
695 1054 840 1121 διηρη]
894 1059 1079 1098 Haecin
1111 1059 1244 1099 Labb.
1286 1059 1449 1104 desunt.
1508 1059 1636 1116 Quod

194 1126 331 1157 autem
365 1113 417 1153 ad
449 1113 528 1151 ista
555 1111 669 1166 διήρη
696 1114 870 1163 attinet,
902 1113 952 1154 de
980 1115 1033 1154 iis
1061 1115 1155 1154 Viri
1185 1115 1301 1155 docti
1334 1117 1398 1156 nil
1421 1116 1633 1168 adferunt,

192 1173 278 1213 nisi
299 1170 413 1239 <1¹¹9d
429 1169 641 1219 Budaeus,
674 1169 808 1215 aiunt,
838 1185 888 1209 ex
913 1170 1091 1238 quodam
1124 1171 1431 1212 Grammatico.-
1464 1174 1608 1230 διῆρες,

191 1229 386 1276 ’Λττικῶς
409 1224 455 1268 τό
472 1225 674 1279 υπερῷον·
711 1243 754 1268 το
786 1226 827 1268 δὲ
858 1224 1089 1281 κατοῖγαιον,
1120 1231 1300 1277 ξυνοικία
1324 1231 1496 1281 λέγεται.
1553 1229 1634 1272 Sed

193 1297 235 1327 et
254 1286 323 1324 hic
343 1281 454 1336 apud
474 1283 690 1320 Pollucem
707 1281 883 1321 illustris
902 1285 1020 1322 locus
1039 1293 1124 1325 est.
1158 1293 1199 1323 et
1221 1284 1332 1324 infra
1362 1286 1439 1333 IV,
1479 1297 1569 1342 129.
1605 1303 1630 1336 η

189 1346 232 1386 δὲ
265 1342 458 1394 ὃιστεγία,
490 1340 584 1380 ποτὲ
612 1341 687 1391 μὲν
716 1340 759 1380 ἐν
785 1341 880 1393 οίκῳ
911 1343 1132 1408 Βασιλείῳ.
1149 1340 1280 1393 διῆρες
1307 1339 1518 1395 δωμάτιον
1549 1351 1628 1383 etc.

190 1399 260 1441 Sic
282 1395 513 1462 Hesychius
534 1394 682 1435 etiam·
720 1396 862 1448 διῆρες,
899 1395 1078 1450 υπερῴον
1103 1414 1126 1446 η
1159 1400 1313 1451 κλίμαξ.
1371 1398 1429 1436 Et
1461 1400 1631 1452 Etymo..

189 1459 332 1508 logus:
363 1449 516 1502 διήρης,
547 1451 569 1492 ὁ
594 1450 768 1505 ὑπερῷος
793 1452 916 1518 οἶκος.
972 1451 1197 1506 Εὐριπίδης
1222 1455 1263 1495 ἐν
1296 1455 1628 1520 Φοινίσσαις,-

186 1488 404 1579 μελάθρων
427 1507 469 1555 ἐς
492 1506 660 1561 διῆρες’
643 1524 817 1561 εσχατον-
850 1506 935 1551 α’πό
958 1514 1030 1551 τοῦ
1046 1513 1121 1559 δὶς,
1153 1507 1309 1562 ὃιήρης·
1354 1506 1405 1553 ἵν
1420 1508 1447 1568 ἧ
1464 1511 1487 1553 ἆ
1503 1514 1631 1554 daors-

185 1566 276 1625 γης·
314 1562 580 1612 Ἀπολλώνιος
607 1566 649 1606 δὲ
680 1567 748 1606 καὶ
779 1563 850 1613 τοῖς
880 1584 979 1615 ναυς
1008 1583 1076 1614 τας
1102 1563 1269 1633 ἐχούσας
1298 1565 1412 1609 δυ’0’
1391 1566 1420 1619 η’
1441 1571 1510 1611 και
1523 1585 1629 1622 τροις

186 1626 336 1692 στέγας,
367 1620 516 1676 διηρεις
535 1623 603 1662 και
618 1619 791 1687 τριήρεις
810 1622 921 1675 λέγει.
958 1621 987 1673 ἤ
1005 1639 1084 1664 απο
1105 1626 1178 1664 τοῦ
1199 1620 1267 1665 δύο
1293 1618 1458 1690 διήρεις,
1476 1625 1627 1692 ω’σπερ

184 1679 298 1736 παροὶ
317 1677 368 1721 τό
383 1677 503 1731 μόνος
533 1675 731 1745 μονήρης
761 1679 1090 1751 καταχρηστικῶς
1121 1680 1163 1721 δὲ
1188 1679 1341 1732 λέγεται
1356 1678 1404 1723 οὐ
1429 1678 1557 1735 μόνον
1582 1697 1625 1725 το

183 1736 367 1791 διστεγὲς,
399 1732 502 1776 ἄλλα
525 1735 594 1775 και
618 1751 663 1776 ’το
695 1730 852 1776 ὁπόσων
882 1753 931 1776 αν
953 1754 976 1792 η
1000 1752 1157 1790 στεγων.
1187 1735 1320 1790 ω’σπερ
1341 1739 1409 1779 και
1443 1736 1625 1794 διέδρων,

181 1797 250 1838 ἔπι
283 1788 482 1834 πλειόνων
509 1790 674 1844 λέγεται.
733 1780 963 1843 Euripidis
990 1806 1134 1830 velsus
1181 1806 1266 1830 non
1302 1802 1365 1832 est
1399 1795 1528 1849 louge
1571 1793 1624 1834 ab

180 1850 305 1890 istius
333 1845 576 1900 tragoediae
600 1845 743 1893 initio,
777 1847 822 1884 in
845 1861 966 1900 quem
989 1857 1031 1886 et
1059 1848 1225 1886 Scholia
1247 1858 1386 1889 vetera
1409 1849 1623 1891 adscribo:

178 1907 310 1960 διηρες
331 1903 518 1968 ἔσχατον]
534 1903 686 1970 διῆρες
706 1900 754 1944 τό
775 1905 953 1971 δίστεγον
979 1903 1174 1970 ὗπερῷον·
1204 1903 1258 1952 αἶς
1252 1903 1406 1970 Ἰμόνον,
1437 1906 1623 1961 μουῆρες.

179 1961 250 2007 δύο
270 1961 427 2014 διῆρες·
461 1956 544 2000 dno*
560 1959 629 2000 τοῦ
646 1962 707 2007 δις
728 1962 796 2000 και
815 1955 884 2002 δύο
905 1960 1027 2010 ου’σης
1044 1961 1114 2010 τῆς
1140 1958 1316 2014 ὀροφῆς·
1351 1979 1624 2017 καταχρηστι-

177 2016 349 2071 κώτερον
371 2017 415 2058 δὲ
437 2013 513 2068 κᾴν
531 2014 690 2068 α’ίροφον
720 2015 880 2069 (nescio
911 2030 964 2055 an
996 2017 1106 2055 forte
1134 2015 1358 2071 μονόροᾳον
1383 2019 1557 2088 rectius)
1593 2018 1623 2076 ἦ

175 2075 255 2130 κᾷν
284 2069 526 2124 πολύστεγον
564 2071 690 2120 οὕτως
718 2073 891 2126 λέγεται·
931 2074 971 2113 οἷ
993 2075 1054 2119 δὲ,
1087 2074 1240 2126 διῆρες·
1279 2077 1347 2116 και
1369 2073 1521 2128 διηρόν,
1551 2080 1622 2119 και

174 2133 397 2200 ὕπαιθρον
441 2128 663 2166 Plutarch
694 2127 770 2166 lib
810 2127 896 2177 πῶς
925 2128 975 2169 ἄν
1001 2147 1061 2177 τις
1088 2133 1272 2172 αἱσθοιτο
1306 2132 1448 2174 ἑαυτοῦ
1476 2129 1620 2187 προκό-

175 2204 341 2234 πτοντος
376 2181 440 2227 ἐπ
465 2182 608 2240 α’ρετῇ,
646 2196 731 2222 non
760 2186 887 2238 longe
927 2183 976 2222 ab
1011 2184 1139 2224 initio
1171 2184 1220 2226 de
1252 2186 1400 2226 Sextio
1427 2188 1618 2228 Romano

173 2252 329 2292 narrat,
362 2255 456 2280 eum
482 2238 733 2291 reliquisse
721 2253 767 2277 ιη
797 2239 900 2279 urbe
926 2239 1107 2279 honores
1127 2250 1169 2279 et
1195 2240 1424 2296 dignitates
1445 2252 1619 2298 propter

173 2313 355 2341 amorem
377 2294 688 2350 philosophiae,
723 2308 937 2348 quumque
965 2296 1077 2335 inter
1105 2296 1494 2350 philosophandum
1527 2301 1618 2338 ani-

171 2371 241 2396 mo
272 2354 452 2420 primum
479 2364 565 2390 non
598 2350 706 2389 bene
732 2351 968 2403 composito
997 2365 1086 2391 esse
1111 2362 1267 2404 posset,
1297 2352 1368 2391 sed
1392 2367 1512 2408 aegre
1533 2355 1617 2408 ipsi

171 2420 293 2458 esset,
322 2408 460 2462 ὀλίγου
480 2405 624 2458 δεησαι
644 2409 881 2459 καταβαλεῖν
903 2406 1044 2449 ἑαυτου
1065 2405 1107 2449 ἔκ
1125 2425 1228 2472 τινος
1249 2406 1423 2464 διήρους.
1481 2410 1616 2450 Inter·

170 2481 280 2522 pres,
310 2466 360 2503 de
387 2465 535 2502 biremi
559 2463 742 2517 quadam
768 2465 814 2501 in
843 2465 973 2504 mari.-
1004 2477 1082 2517 ego
1110 2465 1284 2503 omnino
1316 2464 1366 2504 de
1397 2467 1615 2519 superiore

171 2523 404 2563 coenaculo
436 2519 618 2573 accipio,
650 2518 760 2557 unde
790 2519 1069 2572 praecipitare
1102 2533 1153 2558 ex
1183 2518 1357 2559 aedibus
1386 2522 1613 2585 cogitabat.

170 2578 263 2618 dixi
290 2577 530 2627 coenaculo,
565 2585 606 2616 et
639 2574 807 2616 afferam
834 2573 972 2615 adhuc
1000 2577 1229 2630 elegantem
1255 2578 1392 2616 locum
1425 2578 1471 2618 in
1505 2577 1614 2618 hano
