<?xml version="1.0" encoding="UTF-8"?>
<!DOCTYPE html PUBLIC "-//W3C//DTD XHTML 1.0 Transitional//EN"
    "http://www.w3.org/TR/xhtml1/DTD/xhtml1-transitional.dtd">
<html xmlns="http://www.w3.org/1999/xhtml" xml:lang="en" lang="en">
 <head>
  <title>
</title>
<meta http-equiv="Content-Type" content="text/html;charset=utf-8" />
  <meta name='ocr-system' content='tesseract 3.04.00' />
  <meta name='ocr-capabilities' content='ocr_page ocr_carea ocr_par ocr_line ocrx_word'/>
</head>
<body>
  <div class='ocr_page' id='page_1' title='image "./onomasticon04polluoft/onomasticon04polluoft_0964.png"; bbox 0 0 1670 2938; ppageno 0'>
   <div class='ocr_carea' id='block_1_1' title="bbox 175 94 978 139">
    <p class='ocr_par' dir='ltr' id='par_1_1' title="bbox 175 94 978 139">
     <span class='ocr_line' id='line_1_1' title="bbox 175 94 978 139; baseline 0.006 -5"><span class='ocrx_word' id='word_1_1' title='bbox 175 94 257 136; x_wconf 84' lang='lat'><strong>958</strong></span> <span class='ocrx_word' id='word_1_2' title='bbox 802 95 853 134; x_wconf 75' lang='lat' dir='ltr'><strong>V,</strong></span> <span class='ocrx_word' id='word_1_3' title='bbox 913 97 978 139; x_wconf 89' lang='grc'><strong>65.</strong></span> 
     </span>
    </p>
   </div>
   <div class='ocr_carea' id='block_1_2' title="bbox 287 258 1510 318">
    <p class='ocr_par' dir='ltr' id='par_1_2' title="bbox 287 258 1510 318">
     <span class='ocr_line' id='line_1_2' title="bbox 287 258 1510 318; baseline 0.002 -15"><span class='ocrx_word' id='word_1_4' title='bbox 287 258 371 303; x_wconf 63' lang='lat' dir='ltr'><strong>dno*</strong></span> <span class='ocrx_word' id='word_1_5' title='bbox 391 267 523 304; x_wconf 72' lang='grc' dir='ltr'>κυνῶν</span> <span class='ocrx_word' id='word_1_6' title='bbox 545 261 748 318; x_wconf 80' lang='grc' dir='ltr'>ὀνόματα]</span> <span class='ocrx_word' id='word_1_7' title='bbox 781 264 951 302; x_wconf 68' lang='lat' dir='ltr'><strong>Titulus</strong></span> <span class='ocrx_word' id='word_1_8' title='bbox 970 265 1085 305; x_wconf 85' lang='lat' dir='ltr'><strong>abest</strong></span> <span class='ocrx_word' id='word_1_9' title='bbox 1108 280 1127 303; x_wconf 85' lang='lat' dir='ltr'>a</span> <span class='ocrx_word' id='word_1_10' title='bbox 1150 266 1197 306; x_wconf 87' lang='lat' dir='ltr'><strong>C.</strong></span> <span class='ocrx_word' id='word_1_11' title='bbox 1227 266 1278 309; x_wconf 86' lang='lat' dir='ltr'><strong>A.</strong></span> <span class='ocrx_word' id='word_1_12' title='bbox 1337 267 1510 309; x_wconf 55' lang='lat' dir='ltr'><strong>Humum</strong></span> 
     </span>
    </p>
   </div>
   <div class='ocr_carea' id='block_1_3' title="bbox 171 319 1611 782">
    <p class='ocr_par' dir='ltr' id='par_1_3' title="bbox 287 319 1167 374">
     <span class='ocr_line' id='line_1_3' title="bbox 287 319 1167 374; baseline 0.008 -19"><span class='ocrx_word' id='word_1_13' title='bbox 287 319 515 374; x_wconf 75' lang='lat' dir='ltr'><strong>caninum]</strong></span> <span class='ocrx_word' id='word_1_14' title='bbox 547 322 672 371; x_wconf 79' lang='grc' dir='ltr'><strong>κυνῆ,</strong></span> <span class='ocrx_word' id='word_1_15' title='bbox 705 321 851 359; x_wconf 81' lang='lat' dir='ltr'><strong>canina</strong></span> <span class='ocrx_word' id='word_1_16' title='bbox 872 323 1008 373; x_wconf 79' lang='lat' dir='ltr'><strong>pel-lis.</strong></span> <span class='ocrx_word' id='word_1_17' title='bbox 1069 322 1167 363; x_wconf 75' lang='lat' dir='ltr'><strong>SEB.</strong></span> 
     </span>
    </p>

    <p class='ocr_par' dir='ltr' id='par_1_4' title="bbox 285 373 1101 426">
     <span class='ocr_line' id='line_1_4' title="bbox 285 373 1101 426; baseline 0.004 -11"><span class='ocrx_word' id='word_1_18' title='bbox 285 375 406 426; x_wconf 73' lang='grc' dir='ltr'>κυνῆ]</span> <span class='ocrx_word' id='word_1_19' title='bbox 438 373 539 426; x_wconf 80' lang='grc' dir='ltr'><strong>κυνῆ</strong></span> <span class='ocrx_word' id='word_1_20' title='bbox 565 377 677 416; x_wconf 81' lang='lat' dir='ltr'><strong>abest</strong></span> <span class='ocrx_word' id='word_1_21' title='bbox 700 392 719 415; x_wconf 87' lang='lat' dir='ltr'>a</span> <span class='ocrx_word' id='word_1_22' title='bbox 745 376 788 417; x_wconf 82' lang='lat' dir='ltr'><strong>C.</strong></span> <span class='ocrx_word' id='word_1_23' title='bbox 818 378 865 416; x_wconf 91' lang='lat' dir='ltr'><strong>A.</strong></span> <span class='ocrx_word' id='word_1_24' title='bbox 923 380 1101 418; x_wconf 79' lang='lat' dir='ltr'><strong>RUEHN.</strong></span> 
     </span>
    </p>

    <p class='ocr_par' dir='ltr' id='par_1_5' title="bbox 286 430 1070 485">
     <span class='ocr_line' id='line_1_5' title="bbox 286 430 1070 485; baseline 0.001 -12"><span class='ocrx_word' id='word_1_25' title='bbox 286 430 415 485; x_wconf 78' lang='grc' dir='ltr'>κυνῆ]</span> <span class='ocrx_word' id='word_1_26' title='bbox 448 433 581 481; x_wconf 80' lang='lat' dir='ltr'><strong>Deest</strong></span> <span class='ocrx_word' id='word_1_27' title='bbox 600 434 701 483; x_wconf 74' lang='grc' dir='ltr'><strong>κυιιῆ</strong></span> <span class='ocrx_word' id='word_1_28' title='bbox 722 434 763 471; x_wconf 85' lang='lat' dir='ltr'><strong>in</strong></span> <span class='ocrx_word' id='word_1_29' title='bbox 790 434 883 473; x_wconf 91' lang='lat' dir='ltr'><strong>MS.</strong></span> <span class='ocrx_word' id='word_1_30' title='bbox 942 435 1070 474; x_wconf 73' lang='lat' dir='ltr'><strong>Iunc.</strong></span> 
     </span>
    </p>

    <p class='ocr_par' dir='ltr' id='par_1_6' title="bbox 285 485 1246 545">
     <span class='ocr_line' id='line_1_6' title="bbox 285 485 1246 545; baseline 0.002 -15"><span class='ocrx_word' id='word_1_31' title='bbox 285 485 490 542; x_wconf 79' lang='grc' dir='ltr'>κυνάγχη]</span> <span class='ocrx_word' id='word_1_32' title='bbox 522 489 694 545; x_wconf 74' lang='grc' dir='ltr'>κυνάγχη</span> <span class='ocrx_word' id='word_1_33' title='bbox 715 489 831 529; x_wconf 87' lang='lat' dir='ltr'><strong>abest</strong></span> <span class='ocrx_word' id='word_1_34' title='bbox 852 490 936 532; x_wconf 85' lang='lat' dir='ltr'><strong>aC.</strong></span> <span class='ocrx_word' id='word_1_35' title='bbox 965 490 1003 532; x_wconf 92' lang='lat' dir='ltr'><strong>A</strong></span> <span class='ocrx_word' id='word_1_36' title='bbox 1061 492 1246 532; x_wconf 76' lang='lat' dir='ltr'><strong>HUEHN.</strong></span> 
     </span>
    </p>

    <p class='ocr_par' dir='ltr' id='par_1_7' title="bbox 172 542 1611 656">
     <span class='ocr_line' id='line_1_7' title="bbox 284 542 1611 602; baseline 0.005 -16"><span class='ocrx_word' id='word_1_37' title='bbox 284 542 480 599; x_wconf 75' lang='grc' dir='ltr'>κυνάγχη]</span> <span class='ocrx_word' id='word_1_38' title='bbox 523 546 658 586; x_wconf 84' lang='lat' dir='ltr'><strong>Deest</strong></span> <span class='ocrx_word' id='word_1_39' title='bbox 687 543 861 602; x_wconf 65' lang='lat' dir='ltr'><strong>xvvoiyffl</strong></span> <span class='ocrx_word' id='word_1_40' title='bbox 893 546 938 586; x_wconf 89' lang='lat' dir='ltr'><strong>in</strong></span> <span class='ocrx_word' id='word_1_41' title='bbox 971 548 1059 589; x_wconf 91' lang='lat' dir='ltr'><strong>MS.</strong></span> <span class='ocrx_word' id='word_1_42' title='bbox 1091 547 1189 587; x_wconf 88' lang='lat' dir='ltr'><strong>dein</strong></span> <span class='ocrx_word' id='word_1_43' title='bbox 1219 548 1386 588; x_wconf 74' lang='lat' dir='ltr'><strong>inverso</strong></span> <span class='ocrx_word' id='word_1_44' title='bbox 1416 548 1505 591; x_wconf 90' lang='lat' dir='ltr'><strong>MS.</strong></span> <span class='ocrx_word' id='word_1_45' title='bbox 1539 566 1611 592; x_wconf 79' lang='grc' dir='ltr'><strong>κυ-</strong></span> 
     </span>
     <span class='ocr_line' id='line_1_8' title="bbox 172 602 968 656; baseline -0.001 -13"><span class='ocrx_word' id='word_1_46' title='bbox 172 602 281 654; x_wconf 75' lang='grc' dir='ltr'>νοδρ.</span> <span class='ocrx_word' id='word_1_47' title='bbox 312 618 452 654; x_wconf 81' lang='grc' dir='ltr'>κυνομ.</span> <span class='ocrx_word' id='word_1_48' title='bbox 508 602 636 644; x_wconf 75' lang='lat' dir='ltr'><strong>IUNG.</strong></span> <span class='ocrx_word' id='word_1_49' title='bbox 965 655 968 656; x_wconf 19' lang='lat'><em>⁷</em></span> 
     </span>
    </p>

    <p class='ocr_par' dir='ltr' id='par_1_8' title="bbox 171 668 1611 782">
     <span class='ocr_line' id='line_1_9' title="bbox 284 668 1611 728; baseline 0.002 -17"><span class='ocrx_word' id='word_1_50' title='bbox 284 670 571 722; x_wconf 73' lang='grc' dir='ltr'>κυνοδρομεῖν]</span> <span class='ocrx_word' id='word_1_51' title='bbox 621 668 669 708; x_wconf 92' lang='lat' dir='ltr'><strong>C.</strong></span> <span class='ocrx_word' id='word_1_52' title='bbox 703 668 753 712; x_wconf 89' lang='lat' dir='ltr'><strong>A.</strong></span> <span class='ocrx_word' id='word_1_53' title='bbox 787 668 831 708; x_wconf 86' lang='lat' dir='ltr'><strong>in</strong></span> <span class='ocrx_word' id='word_1_54' title='bbox 866 678 987 709; x_wconf 86' lang='lat' dir='ltr'><strong>textu</strong></span> <span class='ocrx_word' id='word_1_55' title='bbox 1008 668 1158 722; x_wconf 87' lang='lat' dir='ltr'><strong>habet,</strong></span> <span class='ocrx_word' id='word_1_56' title='bbox 1187 674 1468 728; x_wconf 73' lang='grc' dir='ltr'>κυνοδραμεῖν,</span> <span class='ocrx_word' id='word_1_57' title='bbox 1497 672 1570 714; x_wconf 82' lang='lat' dir='ltr'><strong>sed</strong></span> <span class='ocrx_word' id='word_1_58' title='bbox 1589 690 1611 716; x_wconf 87' lang='grc' dir='ltr'><strong>ο</strong></span> 
     </span>
     <span class='ocr_line' id='line_1_10' title="bbox 171 725 959 782; baseline -0.004 -15"><span class='ocrx_word' id='word_1_59' title='bbox 171 725 225 782; x_wconf 76' lang='grc' dir='ltr'><strong>τῷ</strong></span> <span class='ocrx_word' id='word_1_60' title='bbox 247 743 273 767; x_wconf 90' lang='grc' dir='ltr'><strong>α</strong></span> <span class='ocrx_word' id='word_1_61' title='bbox 297 725 626 779; x_wconf 85' lang='lat' dir='ltr'><strong>superscriptum</strong></span> <span class='ocrx_word' id='word_1_62' title='bbox 648 736 722 766; x_wconf 87' lang='lat' dir='ltr'><strong>est.</strong></span> <span class='ocrx_word' id='word_1_63' title='bbox 781 728 959 766; x_wconf 72' lang='lat' dir='ltr'><strong>Rumm.</strong></span> 
     </span>
    </p>
   </div>
   <div class='ocr_carea' id='block_1_4' title="bbox 150 792 1609 1181">
    <p class='ocr_par' dir='ltr' id='par_1_9' title="bbox 150 792 1609 1181">
     <span class='ocr_line' id='line_1_11' title="bbox 286 792 1609 851; baseline 0.002 -16"><span class='ocrx_word' id='word_1_64' title='bbox 286 793 465 846; x_wconf 77' lang='grc' dir='ltr'>ἔκκυνοι]</span> <span class='ocrx_word' id='word_1_65' title='bbox 492 794 646 848; x_wconf 86' lang='lat' dir='ltr'>Margo</span> <span class='ocrx_word' id='word_1_66' title='bbox 681 793 728 836; x_wconf 94' lang='lat' dir='ltr'><strong>C.</strong></span> <span class='ocrx_word' id='word_1_67' title='bbox 753 794 803 833; x_wconf 89' lang='lat' dir='ltr'><strong>A.</strong></span> <span class='ocrx_word' id='word_1_68' title='bbox 831 792 997 836; x_wconf 79' lang='grc' dir='ltr'>ἔκκυνοι.</span> <span class='ocrx_word' id='word_1_69' title='bbox 1031 793 1078 834; x_wconf 83' lang='lat' dir='ltr'><strong>C.</strong></span> <span class='ocrx_word' id='word_1_70' title='bbox 1106 794 1157 838; x_wconf 89' lang='lat' dir='ltr'><strong>V.</strong></span> <span class='ocrx_word' id='word_1_71' title='bbox 1186 797 1354 838; x_wconf 79' lang='grc' dir='ltr'>ἕκκυνοῖ.</span> <span class='ocrx_word' id='word_1_72' title='bbox 1384 807 1609 851; x_wconf 85' lang='lat' dir='ltr'><strong>utrumque</strong></span> 
     </span>
     <span class='ocr_line' id='line_1_12' title="bbox 150 848 1609 907; baseline 0.002 -19"><span class='ocrx_word' id='word_1_73' title='bbox 150 848 341 889; x_wconf 24' lang='lat' dir='ltr'><strong>*videtur</strong></span> <span class='ocrx_word' id='word_1_74' title='bbox 362 849 567 904; x_wconf 83' lang='lat' dir='ltr'><strong>coniungi</strong></span> <span class='ocrx_word' id='word_1_75' title='bbox 589 864 722 902; x_wconf 86' lang='lat' dir='ltr'><strong>posse.</strong></span> <span class='ocrx_word' id='word_1_76' title='bbox 781 851 889 890; x_wconf 83' lang='lat' dir='ltr'><strong>Nam</strong></span> <span class='ocrx_word' id='word_1_77' title='bbox 915 849 1025 902; x_wconf 88' lang='lat' dir='ltr'><strong>apud</strong></span> <span class='ocrx_word' id='word_1_78' title='bbox 1049 852 1232 907; x_wconf 75' lang='lat' dir='ltr'><strong>Xenoplz.</strong></span> <span class='ocrx_word' id='word_1_79' title='bbox 1263 850 1380 903; x_wconf 68' lang='grc' dir='ltr'>κύνες</span> <span class='ocrx_word' id='word_1_80' title='bbox 1411 853 1609 892; x_wconf 83' lang='lat' dir='ltr'><strong>dicuntur</strong></span> 
     </span>
     <span class='ocr_line' id='line_1_13' title="bbox 169 905 1608 963; baseline 0.005 -21"><span class='ocrx_word' id='word_1_81' title='bbox 169 906 348 953; x_wconf 71' lang='grc' dir='ltr'>ἔκκυναι,</span> <span class='ocrx_word' id='word_1_82' title='bbox 382 920 474 944; x_wconf 89' lang='lat' dir='ltr'><strong>cum</strong></span> <span class='ocrx_word' id='word_1_83' title='bbox 499 908 602 945; x_wconf 83' lang='lat' dir='ltr'><strong>male</strong></span> <span class='ocrx_word' id='word_1_84' title='bbox 622 905 763 946; x_wconf 85' lang='lat' dir='ltr'>edocti</span> <span class='ocrx_word' id='word_1_85' title='bbox 784 916 882 946; x_wconf 88' lang='lat' dir='ltr'><strong>sunt</strong></span> <span class='ocrx_word' id='word_1_86' title='bbox 904 906 1118 959; x_wconf 85' lang='lat' dir='ltr'><strong>inquirere</strong></span> <span class='ocrx_word' id='word_1_87' title='bbox 1147 909 1350 963; x_wconf 81' lang='lat' dir='ltr'><strong>vestigia,</strong></span> <span class='ocrx_word' id='word_1_88' title='bbox 1379 919 1422 949; x_wconf 85' lang='lat' dir='ltr'><strong>et</strong></span> <span class='ocrx_word' id='word_1_89' title='bbox 1455 920 1608 949; x_wconf 86' lang='lat' dir='ltr'><strong>temere</strong></span> 
     </span>
     <span class='ocr_line' id='line_1_14' title="bbox 169 961 1608 1018; baseline 0.002 -18"><span class='ocrx_word' id='word_1_90' title='bbox 169 963 272 1002; x_wconf 90' lang='lat' dir='ltr'><strong>hinc</strong></span> <span class='ocrx_word' id='word_1_91' title='bbox 303 961 403 1001; x_wconf 87' lang='lat' dir='ltr'><strong>inde</strong></span> <span class='ocrx_word' id='word_1_92' title='bbox 439 971 667 1016; x_wconf 85' lang='lat' dir='ltr'>vagantur,</span> <span class='ocrx_word' id='word_1_93' title='bbox 703 973 745 1002; x_wconf 88' lang='lat' dir='ltr'><strong>et</strong></span> <span class='ocrx_word' id='word_1_94' title='bbox 775 964 848 1016; x_wconf 89' lang='lat' dir='ltr'><strong>qui</strong></span> <span class='ocrx_word' id='word_1_95' title='bbox 873 962 931 1001; x_wconf 71' lang='lat' dir='ltr'><strong>ita</strong></span> <span class='ocrx_word' id='word_1_96' title='bbox 954 976 1025 1002; x_wconf 92' lang='lat' dir='ltr'><strong>eos</strong></span> <span class='ocrx_word' id='word_1_97' title='bbox 1047 962 1218 1015; x_wconf 86' lang='lat' dir='ltr'><strong>educat,</strong></span> <span class='ocrx_word' id='word_1_98' title='bbox 1250 967 1431 1018; x_wconf 77' lang='grc' dir='ltr'>ἐκκυνοῗ,</span> <span class='ocrx_word' id='word_1_99' title='bbox 1458 966 1608 1018; x_wconf 86' lang='lat' dir='ltr'><strong>etipse</strong></span> 
     </span>
     <span class='ocr_line' id='line_1_15' title="bbox 170 1018 1608 1077; baseline 0.005 -21"><span class='ocrx_word' id='word_1_100' title='bbox 170 1018 284 1058; x_wconf 82' lang='lat' dir='ltr'><strong>canis</strong></span> <span class='ocrx_word' id='word_1_101' title='bbox 315 1021 479 1061; x_wconf 69' lang='grc' dir='ltr'><strong>ἐκκυνεῖ.</strong></span> <span class='ocrx_word' id='word_1_102' title='bbox 511 1018 570 1056; x_wconf 82' lang='lat' dir='ltr'><strong>ita</strong></span> <span class='ocrx_word' id='word_1_103' title='bbox 600 1032 788 1071; x_wconf 82' lang='lat' dir='ltr'>caperem</span> <span class='ocrx_word' id='word_1_104' title='bbox 811 1019 984 1071; x_wconf 70' lang='lat' dir='ltr'><strong>Hesych.</strong></span> <span class='ocrx_word' id='word_1_105' title='bbox 1016 1020 1186 1070; x_wconf 77' lang='grc' dir='ltr'>ἔκκυνοῗ,</span> <span class='ocrx_word' id='word_1_106' title='bbox 1215 1019 1375 1077; x_wconf 81' lang='grc' dir='ltr'>νόσημά</span> <span class='ocrx_word' id='word_1_107' title='bbox 1402 1040 1440 1065; x_wconf 82' lang='grc' dir='ltr'><strong>τι</strong></span> <span class='ocrx_word' id='word_1_108' title='bbox 1465 1023 1608 1072; x_wconf 75' lang='grc' dir='ltr'>κυνῶν,</span> 
     </span>
     <span class='ocr_line' id='line_1_16' title="bbox 169 1073 1606 1126; baseline 0.003 -12"><span class='ocrx_word' id='word_1_109' title='bbox 169 1089 256 1114; x_wconf 86' lang='lat' dir='ltr'><strong>non</strong></span> <span class='ocrx_word' id='word_1_110' title='bbox 278 1073 328 1115; x_wconf 87' lang='lat' dir='ltr'><strong>de</strong></span> <span class='ocrx_word' id='word_1_111' title='bbox 349 1074 495 1114; x_wconf 90' lang='lat' dir='ltr'>morbo</span> <span class='ocrx_word' id='word_1_112' title='bbox 529 1074 748 1126; x_wconf 83' lang='lat' dir='ltr'><strong>corporis,</strong></span> <span class='ocrx_word' id='word_1_113' title='bbox 778 1075 850 1114; x_wconf 91' lang='lat' dir='ltr'><strong>sed</strong></span> <span class='ocrx_word' id='word_1_114' title='bbox 886 1074 937 1115; x_wconf 88' lang='lat' dir='ltr'><strong>de</strong></span> <span class='ocrx_word' id='word_1_115' title='bbox 961 1076 1384 1120; x_wconf 77' lang='lat' dir='ltr'><strong>ma1aeeducationis</strong></span> <span class='ocrx_word' id='word_1_116' title='bbox 1402 1078 1526 1122; x_wconf 87' lang='lat' dir='ltr'><strong>vitio.</strong></span> <span class='ocrx_word' id='word_1_117' title='bbox 1559 1079 1606 1119; x_wconf 94' lang='lat' dir='ltr'><strong>C.</strong></span> 
     </span>
     <span class='ocr_line' id='line_1_17' title="bbox 170 1128 1243 1181; baseline 0.003 -10"><span class='ocrx_word' id='word_1_118' title='bbox 170 1132 222 1174; x_wconf 87' lang='lat' dir='ltr'><strong>V.</strong></span> <span class='ocrx_word' id='word_1_119' title='bbox 255 1129 354 1170; x_wconf 83' lang='lat' dir='ltr'><strong>dein</strong></span> <span class='ocrx_word' id='word_1_120' title='bbox 377 1129 526 1170; x_wconf 83' lang='lat' dir='ltr'><strong>habet:</strong></span> <span class='ocrx_word' id='word_1_121' title='bbox 558 1131 809 1181; x_wconf 75' lang='grc' dir='ltr'>ἐκκυνοῦσαι,</span> <span class='ocrx_word' id='word_1_122' title='bbox 840 1128 1011 1174; x_wconf 74' lang='grc' dir='ltr'>ἐκκύειν.</span> <span class='ocrx_word' id='word_1_123' title='bbox 1066 1134 1243 1178; x_wconf 80' lang='grc' dir='ltr'>ΚυΕΗΝ,</span> 
     </span>
    </p>
   </div>
   <div class='ocr_carea' id='block_1_5' title="bbox 161 1196 1608 1885">
    <p class='ocr_par' dir='ltr' id='par_1_10' title="bbox 161 1196 1608 1805">
     <span class='ocr_line' id='line_1_18' title="bbox 280 1196 1606 1258; baseline 0.001 -18"><span class='ocrx_word' id='word_1_124' title='bbox 280 1196 458 1248; x_wconf 79' lang='grc' dir='ltr'>ἔκκυνοι]</span> <span class='ocrx_word' id='word_1_125' title='bbox 507 1198 601 1239; x_wconf 87' lang='lat' dir='ltr'><strong>MS.</strong></span> <span class='ocrx_word' id='word_1_126' title='bbox 637 1200 808 1248; x_wconf 76' lang='grc' dir='ltr'>ἔκκυνοῖ,</span> <span class='ocrx_word' id='word_1_127' title='bbox 837 1198 1092 1250; x_wconf 72' lang='grc' dir='ltr'>ἔκκυνοῦσαὶ,</span> <span class='ocrx_word' id='word_1_128' title='bbox 1118 1199 1272 1244; x_wconf 75' lang='grc' dir='ltr'>ἐκκύειν</span> <span class='ocrx_word' id='word_1_129' title='bbox 1292 1208 1371 1258; x_wconf 69' lang='grc' dir='ltr'><strong>λεγ.</strong></span> <span class='ocrx_word' id='word_1_130' title='bbox 1403 1201 1476 1242; x_wconf 86' lang='lat' dir='ltr'><strong>sed</strong></span> <span class='ocrx_word' id='word_1_131' title='bbox 1500 1201 1606 1242; x_wconf 87' lang='lat' dir='ltr'><strong>bene</strong></span> 
     </span>
     <span class='ocr_line' id='line_1_19' title="bbox 167 1253 1608 1312; baseline 0.005 -18"><span class='ocrx_word' id='word_1_132' title='bbox 167 1254 300 1294; x_wconf 27' lang='lat' dir='ltr'><strong>habet*</strong></span> <span class='ocrx_word' id='word_1_133' title='bbox 325 1253 434 1294; x_wconf 89' lang='lat' dir='ltr'><strong>illud</strong></span> <span class='ocrx_word' id='word_1_134' title='bbox 464 1253 644 1307; x_wconf 81' lang='lat' dir='ltr'><strong>primum</strong></span> <span class='ocrx_word' id='word_1_135' title='bbox 675 1255 719 1293; x_wconf 88' lang='lat' dir='ltr'><strong>in</strong></span> <span class='ocrx_word' id='word_1_136' title='bbox 749 1255 932 1309; x_wconf 80' lang='lat' dir='ltr'><strong>vulgatis</strong></span> <span class='ocrx_word' id='word_1_137' title='bbox 956 1255 1126 1298; x_wconf 80' lang='grc' dir='ltr'>ἔκκυνοι.</span> <span class='ocrx_word' id='word_1_138' title='bbox 1157 1260 1342 1312; x_wconf 68' lang='grc' dir='ltr'><strong>Χεηορζι.</strong></span> <span class='ocrx_word' id='word_1_139' title='bbox 1364 1259 1608 1302; x_wconf 70' lang='grc' dir='ltr'><strong>’τελευτῶσαι</strong></span> 
     </span>
     <span class='ocr_line' id='line_1_20' title="bbox 165 1309 1603 1367; baseline 0.002 -14"><span class='ocrx_word' id='word_1_140' title='bbox 165 1314 344 1366; x_wconf 71' lang='grc' dir='ltr'>γίνονται</span> <span class='ocrx_word' id='word_1_141' title='bbox 371 1309 550 1363; x_wconf 49' lang='grc' dir='ltr'>ε”κκυνοῃ</span> <span class='ocrx_word' id='word_1_142' title='bbox 588 1309 766 1363; x_wconf 73' lang='grc' dir='ltr'>πονηρόν</span> <span class='ocrx_word' id='word_1_143' title='bbox 802 1310 992 1363; x_wconf 83' lang='grc' dir='ltr'><strong>μα’θημα.</strong></span> <span class='ocrx_word' id='word_1_144' title='bbox 1052 1312 1174 1364; x_wconf 90' lang='lat' dir='ltr'>Apud</span> <span class='ocrx_word' id='word_1_145' title='bbox 1224 1317 1480 1367; x_wconf 76' lang='lat' dir='ltr'><strong>Hesychium</strong></span> <span class='ocrx_word' id='word_1_146' title='bbox 1516 1325 1603 1356; x_wconf 80' lang='lat' dir='ltr'><strong>est:</strong></span> 
     </span>
     <span class='ocr_line' id='line_1_21' title="bbox 165 1364 1604 1421; baseline -0.002 -9"><span class='ocrx_word' id='word_1_147' title='bbox 165 1370 335 1417; x_wconf 74' lang='grc' dir='ltr'>ἕκκυνοῖ,</span> <span class='ocrx_word' id='word_1_148' title='bbox 366 1364 524 1420; x_wconf 79' lang='grc' dir='ltr'>νόσημά</span> <span class='ocrx_word' id='word_1_149' title='bbox 542 1384 583 1408; x_wconf 78' lang='grc' dir='ltr'><strong>τι</strong></span> <span class='ocrx_word' id='word_1_150' title='bbox 605 1366 752 1411; x_wconf 82' lang='grc' dir='ltr'>κοινόν.</span> <span class='ocrx_word' id='word_1_151' title='bbox 784 1367 859 1406; x_wconf 87' lang='lat' dir='ltr'><strong>ubi</strong></span> <span class='ocrx_word' id='word_1_152' title='bbox 886 1365 1128 1421; x_wconf 67' lang='lat' dir='ltr'><strong>»Sssburgius</strong></span> <span class='ocrx_word' id='word_1_153' title='bbox 1156 1375 1267 1410; x_wconf 74' lang='lat' dir='ltr'><strong>ree&#39;te</strong></span> <span class='ocrx_word' id='word_1_154' title='bbox 1294 1371 1534 1411; x_wconf 81' lang='lat' dir='ltr'><strong>emendavit</strong></span> <span class='ocrx_word' id='word_1_155' title='bbox 1558 1371 1604 1410; x_wconf 86' lang='lat' dir='ltr'><strong>in</strong></span> 
     </span>
     <span class='ocr_line' id='line_1_22' title="bbox 166 1422 1606 1480; baseline 0.001 -17"><span class='ocrx_word' id='word_1_156' title='bbox 166 1438 245 1463; x_wconf 85' lang='lat' dir='ltr'><strong>suo</strong></span> <span class='ocrx_word' id='word_1_157' title='bbox 275 1423 451 1474; x_wconf 79' lang='lat' dir='ltr'><strong>codice,</strong></span> <span class='ocrx_word' id='word_1_158' title='bbox 481 1422 660 1473; x_wconf 79' lang='grc' dir='ltr'>ἔκκυνοι,</span> <span class='ocrx_word' id='word_1_159' title='bbox 691 1442 725 1467; x_wconf 83' lang='grc' dir='ltr'>ν.</span> <span class='ocrx_word' id='word_1_160' title='bbox 756 1442 796 1467; x_wconf 83' lang='grc' dir='ltr'><strong>τι</strong></span> <span class='ocrx_word' id='word_1_161' title='bbox 826 1424 966 1466; x_wconf 79' lang='grc' dir='ltr'>κυνῶν.</span> <span class='ocrx_word' id='word_1_162' title='bbox 995 1424 1030 1462; x_wconf 86' lang='lat' dir='ltr'><strong>si</strong></span> <span class='ocrx_word' id='word_1_163' title='bbox 1059 1438 1157 1464; x_wconf 87' lang='lat' dir='ltr'><strong>vero</strong></span> <span class='ocrx_word' id='word_1_164' title='bbox 1178 1427 1410 1469; x_wconf 77' lang='grc' dir='ltr'>ἔκκυνοῦσαι</span> <span class='ocrx_word' id='word_1_165' title='bbox 1426 1427 1606 1480; x_wconf 87' lang='lat' dir='ltr'><strong>partici-</strong></span> 
     </span>
     <span class='ocr_line' id='line_1_23' title="bbox 163 1479 1602 1538; baseline 0.002 -20"><span class='ocrx_word' id='word_1_166' title='bbox 163 1481 282 1534; x_wconf 86' lang='lat' dir='ltr'><strong>pium</strong></span> <span class='ocrx_word' id='word_1_167' title='bbox 305 1480 349 1518; x_wconf 87' lang='lat' dir='ltr'><strong>in</strong></span> <span class='ocrx_word' id='word_1_168' title='bbox 373 1480 462 1520; x_wconf 87' lang='lat' dir='ltr'><strong>MS.</strong></span> <span class='ocrx_word' id='word_1_169' title='bbox 495 1489 651 1518; x_wconf 85' lang='lat' dir='ltr'><strong>rectum</strong></span> <span class='ocrx_word' id='word_1_170' title='bbox 674 1490 751 1532; x_wconf 81' lang='lat' dir='ltr'><strong>est,</strong></span> <span class='ocrx_word' id='word_1_171' title='bbox 785 1479 828 1519; x_wconf 86' lang='lat' dir='ltr'><strong>id</strong></span> <span class='ocrx_word' id='word_1_172' title='bbox 853 1481 911 1519; x_wconf 91' lang='lat' dir='ltr'><strong>sit</strong></span> <span class='ocrx_word' id='word_1_173' title='bbox 933 1480 984 1519; x_wconf 86' lang='lat' dir='ltr'><strong>ab</strong></span> <span class='ocrx_word' id='word_1_174' title='bbox 1003 1484 1180 1524; x_wconf 74' lang='grc' dir='ltr'>ἐκκυνεῖν</span> <span class='ocrx_word' id='word_1_175' title='bbox 1199 1486 1388 1538; x_wconf 85' lang='lat' dir='ltr'><strong>vulgato,</strong></span> <span class='ocrx_word' id='word_1_176' title='bbox 1419 1497 1496 1536; x_wconf 85' lang='lat' dir='ltr'><strong>pro</strong></span> <span class='ocrx_word' id='word_1_177' title='bbox 1517 1497 1602 1536; x_wconf 89' lang='lat' dir='ltr'><strong>quo</strong></span> 
     </span>
     <span class='ocr_line' id='line_1_24' title="bbox 163 1533 1603 1591; baseline 0.002 -16"><span class='ocrx_word' id='word_1_178' title='bbox 163 1537 254 1578; x_wconf 89' lang='lat' dir='ltr'><strong>MS.</strong></span> <span class='ocrx_word' id='word_1_179' title='bbox 290 1533 458 1579; x_wconf 72' lang='grc' dir='ltr'>ἕκκύειν.</span> <span class='ocrx_word' id='word_1_180' title='bbox 500 1534 614 1589; x_wconf 87' lang='lat' dir='ltr'><strong>quod</strong></span> <span class='ocrx_word' id='word_1_181' title='bbox 646 1537 819 1576; x_wconf 82' lang='lat' dir='ltr'><strong>verbum</strong></span> <span class='ocrx_word' id='word_1_182' title='bbox 857 1546 966 1576; x_wconf 87' lang='lat' dir='ltr'><strong>certe</strong></span> <span class='ocrx_word' id='word_1_183' title='bbox 996 1551 1084 1576; x_wconf 88' lang='lat' dir='ltr'><strong>non</strong></span> <span class='ocrx_word' id='word_1_184' title='bbox 1121 1547 1274 1579; x_wconf 86' lang='lat' dir='ltr'><strong>temere</strong></span> <span class='ocrx_word' id='word_1_185' title='bbox 1309 1539 1603 1591; x_wconf 82' lang='lat' dir='ltr'><strong>reiiciendum,</strong></span> 
     </span>
     <span class='ocr_line' id='line_1_25' title="bbox 166 1590 1602 1648; baseline 0.002 -16"><span class='ocrx_word' id='word_1_186' title='bbox 166 1608 294 1648; x_wconf 89' lang='lat' dir='ltr'><strong>quum</strong></span> <span class='ocrx_word' id='word_1_187' title='bbox 315 1595 490 1632; x_wconf 71' lang='lat' dir='ltr'><strong>alterum</strong></span> <span class='ocrx_word' id='word_1_188' title='bbox 508 1595 683 1635; x_wconf 74' lang='grc' dir='ltr'>ἑκκυνεῖν</span> <span class='ocrx_word' id='word_1_189' title='bbox 699 1593 799 1632; x_wconf 82' lang='lat' dir='ltr'><strong>satis</strong></span> <span class='ocrx_word' id='word_1_190' title='bbox 820 1608 872 1633; x_wconf 83' lang='lat' dir='ltr'><strong>ex</strong></span> <span class='ocrx_word' id='word_1_191' title='bbox 893 1590 1125 1636; x_wconf 77' lang='grc' dir='ltr'>ἔκκυνοῧσαι</span> <span class='ocrx_word' id='word_1_192' title='bbox 1147 1605 1303 1648; x_wconf 43' lang='lat' dir='ltr'><strong>pateant,</strong></span> <span class='ocrx_word' id='word_1_193' title='bbox 1326 1596 1472 1635; x_wconf 84' lang='lat' dir='ltr'><strong>scribit</strong></span> <span class='ocrx_word' id='word_1_194' title='bbox 1491 1596 1602 1635; x_wconf 88' lang='lat' dir='ltr'><strong>enim</strong></span> 
     </span>
     <span class='ocr_line' id='line_1_26' title="bbox 165 1649 1602 1703; baseline 0.001 -14"><span class='ocrx_word' id='word_1_195' title='bbox 165 1658 208 1689; x_wconf 84' lang='lat' dir='ltr'><strong>et</strong></span> <span class='ocrx_word' id='word_1_196' title='bbox 235 1649 495 1702; x_wconf 68' lang='lat' dir='ltr'><strong>Hesychius:</strong></span> <span class='ocrx_word' id='word_1_197' title='bbox 526 1649 700 1700; x_wconf 77' lang='grc' dir='ltr'><strong>ἐκκύεις,</strong></span> <span class='ocrx_word' id='word_1_198' title='bbox 729 1652 950 1703; x_wconf 72' lang='grc' dir='ltr'><strong><em>ἑρεθίζεις,</em></strong></span> <span class='ocrx_word' id='word_1_199' title='bbox 986 1653 1188 1698; x_wconf 74' lang='grc' dir='ltr'>ἐπισείεις.</span> <span class='ocrx_word' id='word_1_200' title='bbox 1248 1651 1440 1692; x_wconf 81' lang='lat' dir='ltr'><strong>Tertium</strong></span> <span class='ocrx_word' id='word_1_201' title='bbox 1476 1653 1602 1692; x_wconf 79' lang='lat' dir='ltr'><strong>etiam</strong></span> 
     </span>
     <span class='ocr_line' id='line_1_27' title="bbox 163 1705 1603 1762; baseline 0.002 -17"><span class='ocrx_word' id='word_1_202' title='bbox 163 1707 385 1759; x_wconf 83' lang='lat' dir='ltr'><strong>vulgatum</strong></span> <span class='ocrx_word' id='word_1_203' title='bbox 413 1705 642 1748; x_wconf 76' lang='grc' dir='ltr'><strong>ἰκκυνῶσαι</strong></span> <span class='ocrx_word' id='word_1_204' title='bbox 672 1720 750 1762; x_wconf 87' lang='lat' dir='ltr'><strong>ego</strong></span> <span class='ocrx_word' id='word_1_205' title='bbox 781 1715 934 1747; x_wconf 86' lang='lat' dir='ltr'><strong>temere</strong></span> <span class='ocrx_word' id='word_1_206' title='bbox 964 1709 1062 1747; x_wconf 87' lang='lat' dir='ltr'>loco</span> <span class='ocrx_word' id='word_1_207' title='bbox 1089 1707 1345 1748; x_wconf 87' lang='lat' dir='ltr'><strong>movendum</strong></span> <span class='ocrx_word' id='word_1_208' title='bbox 1367 1707 1479 1748; x_wconf 90' lang='lat' dir='ltr'><strong>haud</strong></span> <span class='ocrx_word' id='word_1_209' title='bbox 1501 1709 1603 1748; x_wconf 77' lang='lat' dir='ltr'><strong>fue-</strong></span> 
     </span>
     <span class='ocr_line' id='line_1_28' title="bbox 161 1761 615 1805; baseline 0.007 -5"><span class='ocrx_word' id='word_1_210' title='bbox 161 1761 246 1803; x_wconf 84' lang='lat' dir='ltr'><strong>rim</strong></span> <span class='ocrx_word' id='word_1_211' title='bbox 263 1771 427 1805; x_wconf 65' lang='lat' dir='ltr'><strong>auctor.</strong></span> <span class='ocrx_word' id='word_1_212' title='bbox 487 1762 615 1804; x_wconf 69' lang='lat' dir='ltr'><strong>Iunc..</strong></span> 
     </span>
    </p>

    <p class='ocr_par' dir='ltr' id='par_1_11' title="bbox 272 1828 1602 1885">
     <span class='ocr_line' id='line_1_29' title="bbox 272 1828 1602 1885; baseline 0.001 -16"><span class='ocrx_word' id='word_1_213' title='bbox 272 1828 462 1883; x_wconf 78' lang='grc' dir='ltr'>ἕκκυνοι]</span> <span class='ocrx_word' id='word_1_214' title='bbox 501 1828 674 1873; x_wconf 79' lang='grc' dir='ltr'>ἔκκυνοι.</span> <span class='ocrx_word' id='word_1_215' title='bbox 708 1830 891 1870; x_wconf 86' lang='lat' dir='ltr'><strong>Pessime</strong></span> <span class='ocrx_word' id='word_1_216' title='bbox 919 1830 966 1870; x_wconf 87' lang='lat' dir='ltr'><strong>in</strong></span> <span class='ocrx_word' id='word_1_217' title='bbox 1006 1830 1086 1871; x_wconf 84' lang='lat' dir='ltr'><strong>hac</strong></span> <span class='ocrx_word' id='word_1_218' title='bbox 1119 1845 1226 1871; x_wconf 85' lang='lat' dir='ltr'><strong>voce</strong></span> <span class='ocrx_word' id='word_1_219' title='bbox 1262 1830 1512 1885; x_wconf 77' lang='lat' dir='ltr'><strong>depravatus</strong></span> <span class='ocrx_word' id='word_1_220' title='bbox 1537 1840 1602 1872; x_wconf 82' lang='lat' dir='ltr'><strong>est</strong></span> 
     </span>
    </p>
   </div>
   <div class='ocr_carea' id='block_1_6' title="bbox 152 1885 1598 1997">
    <p class='ocr_par' dir='ltr' id='par_1_12' title="bbox 152 1885 1598 1997">
     <span class='ocr_line' id='line_1_30' title="bbox 161 1885 1598 1942; baseline 0.006 -20"><span class='ocrx_word' id='word_1_221' title='bbox 161 1885 452 1938; x_wconf 72' lang='grc' dir='ltr'><strong>Ρῆανονίηιι-ε,</strong></span> <span class='ocrx_word' id='word_1_222' title='bbox 495 1886 664 1940; x_wconf 85' lang='lat' dir='ltr'><strong>quando</strong></span> <span class='ocrx_word' id='word_1_223' title='bbox 694 1886 774 1926; x_wconf 77' lang='lat' dir='ltr'><strong>ait:</strong></span> <span class='ocrx_word' id='word_1_224' title='bbox 803 1885 1010 1936; x_wconf 83' lang='grc' dir='ltr'>Ἐκκυνοῖ,</span> <span class='ocrx_word' id='word_1_225' title='bbox 1047 1885 1202 1939; x_wconf 82' lang='grc' dir='ltr'>νόσημά</span> <span class='ocrx_word' id='word_1_226' title='bbox 1233 1906 1269 1930; x_wconf 82' lang='grc' dir='ltr'><strong>τι</strong></span> <span class='ocrx_word' id='word_1_227' title='bbox 1301 1885 1446 1930; x_wconf 83' lang='grc' dir='ltr'>κοινόν.</span> <span class='ocrx_word' id='word_1_228' title='bbox 1491 1888 1598 1942; x_wconf 88' lang='lat' dir='ltr'><strong>Leg.</strong></span> 
     </span>
     <span class='ocr_line' id='line_1_31' title="bbox 152 1940 1598 1997; baseline 0 -15"><span class='ocrx_word' id='word_1_229' title='bbox 152 1940 343 1983; x_wconf 73' lang='lat' dir='ltr'><em>&#39;&#39;Enuvvoo</em></span> <span class='ocrx_word' id='word_1_230' title='bbox 370 1940 528 1994; x_wconf 78' lang='grc' dir='ltr'>νόσημά</span> <span class='ocrx_word' id='word_1_231' title='bbox 559 1960 600 1985; x_wconf 80' lang='grc' dir='ltr'><strong>τι</strong></span> <span class='ocrx_word' id='word_1_232' title='bbox 627 1943 768 1985; x_wconf 75' lang='grc' dir='ltr'>κυνῶν.</span> <span class='ocrx_word' id='word_1_233' title='bbox 803 1944 868 1982; x_wconf 90' lang='lat' dir='ltr'><strong>uti</strong></span> <span class='ocrx_word' id='word_1_234' title='bbox 899 1944 1024 1984; x_wconf 84' lang='lat' dir='ltr'><strong>etiam</strong></span> <span class='ocrx_word' id='word_1_235' title='bbox 1055 1944 1113 1984; x_wconf 88' lang='lat' dir='ltr'><strong>H.</strong></span> <span class='ocrx_word' id='word_1_236' title='bbox 1140 1945 1278 1997; x_wconf 78' lang='lat' dir='ltr'><strong>Steph.</strong></span> <span class='ocrx_word' id='word_1_237' title='bbox 1318 1945 1364 1982; x_wconf 88' lang='lat' dir='ltr'><strong>in</strong></span> <span class='ocrx_word' id='word_1_238' title='bbox 1391 1943 1598 1983; x_wconf 80' lang='lat' dir='ltr'><strong>Thesauri</strong></span> 
     </span>
    </p>
   </div>
   <div class='ocr_carea' id='block_1_7' title="bbox 159 1996 1658 2108">
    <p class='ocr_par' dir='ltr' id='par_1_13' title="bbox 159 1996 1658 2108">
     <span class='ocr_line' id='line_1_32' title="bbox 159 1996 1658 2054; baseline 0.003 -18"><span class='ocrx_word' id='word_1_239' title='bbox 159 1997 227 2036; x_wconf 79' lang='lat' dir='ltr'><strong>sui</strong></span> <span class='ocrx_word' id='word_1_240' title='bbox 247 1996 495 2050; x_wconf 88' lang='lat' dir='ltr'><strong>Appendice</strong></span> <span class='ocrx_word' id='word_1_241' title='bbox 517 1997 628 2052; x_wconf 83' lang='lat' dir='ltr'><strong>apud</strong></span> <span class='ocrx_word' id='word_1_242' title='bbox 648 2000 821 2051; x_wconf 72' lang='lat' dir='ltr'><strong>Hesyclz,</strong></span> <span class='ocrx_word' id='word_1_243' title='bbox 845 2015 965 2054; x_wconf 86' lang='lat' dir='ltr'><strong>quem</strong></span> <span class='ocrx_word' id='word_1_244' title='bbox 985 2001 1253 2039; x_wconf 66' lang='lat' dir='ltr'><strong>Plzavorinus</strong></span> <span class='ocrx_word' id='word_1_245' title='bbox 1275 2000 1510 2052; x_wconf 80' lang='lat' dir='ltr'><strong>descripsit,</strong></span> <span class='ocrx_word' id='word_1_246' title='bbox 1528 2003 1599 2039; x_wconf 88' lang='lat' dir='ltr'><strong>le-</strong></span> <span class='ocrx_word' id='word_1_247' title='bbox 1654 2024 1658 2040; x_wconf 90' lang='grc'>;</span> 
     </span>
     <span class='ocr_line' id='line_1_33' title="bbox 160 2053 1658 2108; baseline 0.003 -17"><span class='ocrx_word' id='word_1_248' title='bbox 160 2053 238 2108; x_wconf 85' lang='lat' dir='ltr'><strong>git,</strong></span> <span class='ocrx_word' id='word_1_249' title='bbox 274 2053 350 2092; x_wconf 82' lang='lat' dir='ltr'><strong>ubi</strong></span> <span class='ocrx_word' id='word_1_250' title='bbox 378 2063 516 2094; x_wconf 86' lang='lat' dir='ltr'><strong>tamen</strong></span> <span class='ocrx_word' id='word_1_251' title='bbox 547 2055 677 2094; x_wconf 86' lang='lat' dir='ltr'><strong>miror</strong></span> <span class='ocrx_word' id='word_1_252' title='bbox 710 2058 769 2095; x_wconf 89' lang='lat' dir='ltr'><strong>H.</strong></span> <span class='ocrx_word' id='word_1_253' title='bbox 804 2058 941 2108; x_wconf 71' lang='lat' dir='ltr'><strong>steph.</strong></span> <span class='ocrx_word' id='word_1_254' title='bbox 973 2071 1089 2095; x_wconf 85' lang='lat' dir='ltr'><strong>suam</strong></span> <span class='ocrx_word' id='word_1_255' title='bbox 1116 2057 1428 2096; x_wconf 77' lang='lat' dir='ltr'><strong>restitutionem</strong></span> <span class='ocrx_word' id='word_1_256' title='bbox 1454 2058 1596 2104; x_wconf 84' lang='lat' dir='ltr'><strong>citare,</strong></span> <span class='ocrx_word' id='word_1_257' title='bbox 1655 2067 1658 2068; x_wconf 72' lang='grc'>’</span> 
     </span>
    </p>
   </div>
   <div class='ocr_carea' id='block_1_8' title="bbox 156 2109 1598 2402">
    <p class='ocr_par' dir='ltr' id='par_1_14' title="bbox 157 2109 1598 2279">
     <span class='ocr_line' id='line_1_34' title="bbox 160 2109 1598 2166; baseline 0.001 -18"><span class='ocrx_word' id='word_1_258' title='bbox 160 2123 208 2150; x_wconf 80' lang='lat' dir='ltr'><strong>ac</strong></span> <span class='ocrx_word' id='word_1_259' title='bbox 227 2109 344 2163; x_wconf 72' lang='lat' dir='ltr'><strong>sijta</strong></span> <span class='ocrx_word' id='word_1_260' title='bbox 364 2112 573 2164; x_wconf 85' lang='lat' dir='ltr'><strong>legeretur</strong></span> <span class='ocrx_word' id='word_1_261' title='bbox 591 2111 636 2149; x_wconf 87' lang='lat' dir='ltr'><strong>in</strong></span> <span class='ocrx_word' id='word_1_262' title='bbox 652 2113 881 2164; x_wconf 69' lang='lat' dir='ltr'><strong>Hesychiu,·</strong></span> <span class='ocrx_word' id='word_1_263' title='bbox 910 2113 1014 2153; x_wconf 90' lang='lat' dir='ltr'><strong>fecit</strong></span> <span class='ocrx_word' id='word_1_264' title='bbox 1038 2112 1146 2153; x_wconf 88' lang='lat' dir='ltr'><strong>idem</strong></span> <span class='ocrx_word' id='word_1_265' title='bbox 1166 2127 1333 2166; x_wconf 85' lang='lat' dir='ltr'><strong>quoque</strong></span> <span class='ocrx_word' id='word_1_266' title='bbox 1355 2113 1399 2150; x_wconf 83' lang='lat' dir='ltr'><strong>‘m</strong></span> <span class='ocrx_word' id='word_1_267' title='bbox 1420 2112 1598 2166; x_wconf 82' lang='lat' dir='ltr'><strong>quibus-</strong></span> 
     </span>
     <span class='ocr_line' id='line_1_35' title="bbox 159 2164 1595 2223; baseline 0.001 -19"><span class='ocrx_word' id='word_1_268' title='bbox 159 2164 254 2205; x_wconf 82' lang='lat' dir='ltr'><strong>dam</strong></span> <span class='ocrx_word' id='word_1_269' title='bbox 283 2167 472 2205; x_wconf 74' lang='lat' dir='ltr'><strong>Pollucis</strong></span> <span class='ocrx_word' id='word_1_270' title='bbox 499 2168 647 2207; x_wconf 82' lang='lat' dir='ltr'><strong>nostri.</strong></span> <span class='ocrx_word' id='word_1_271' title='bbox 679 2168 777 2208; x_wconf 89' lang='lat' dir='ltr'><strong>vide</strong></span> <span class='ocrx_word' id='word_1_272' title='bbox 810 2183 916 2223; x_wconf 85' lang='lat' dir='ltr'><strong>quae</strong></span> <span class='ocrx_word' id='word_1_273' title='bbox 946 2169 1008 2211; x_wconf 88' lang='lat' dir='ltr'><strong>Cl.</strong></span> <span class='ocrx_word' id='word_1_274' title='bbox 1042 2170 1374 2222; x_wconf 78' lang='lat' dir='ltr'><strong>Jungermannas</strong></span> <span class='ocrx_word' id='word_1_275' title='bbox 1395 2182 1520 2222; x_wconf 72' lang='lat' dir='ltr'><strong>supra</strong></span> <span class='ocrx_word' id='word_1_276' title='bbox 1543 2167 1595 2207; x_wconf 85' lang='lat' dir='ltr'><strong>ad</strong></span> 
     </span>
     <span class='ocr_line' id='line_1_36' title="bbox 157 2221 1595 2279; baseline 0.002 -19"><span class='ocrx_word' id='word_1_277' title='bbox 157 2221 234 2272; x_wconf 80' lang='lat' dir='ltr'><strong>IV,</strong></span> <span class='ocrx_word' id='word_1_278' title='bbox 264 2221 353 2279; x_wconf 82' lang='lat'><strong>194.</strong></span> <span class='ocrx_word' id='word_1_279' title='bbox 387 2223 568 2266; x_wconf 86' lang='lat' dir='ltr'><strong>notavit.</strong></span> <span class='ocrx_word' id='word_1_280' title='bbox 1592 2248 1595 2251; x_wconf 92' lang='lat'>-</span> 
     </span>
    </p>

    <p class='ocr_par' dir='ltr' id='par_1_15' title="bbox 156 2286 1593 2402">
     <span class='ocr_line' id='line_1_37' title="bbox 247 2286 1592 2344; baseline -0.003 -12"><span class='ocrx_word' id='word_1_281' title='bbox 247 2289 517 2344; x_wconf 37' lang='lat' dir='ltr'><strong>*guxvva&#39;iaacss</strong></span> <span class='ocrx_word' id='word_1_282' title='bbox 549 2291 722 2338; x_wconf 77' lang='lat' dir='ltr'><strong>MSSti,</strong></span> <span class='ocrx_word' id='word_1_283' title='bbox 751 2291 1015 2342; x_wconf 76' lang='grc' dir='ltr'>ἕκκυνοῧσαι,</span> <span class='ocrx_word' id='word_1_284' title='bbox 1043 2286 1212 2335; x_wconf 57' lang='lat' dir='ltr'><strong>{nuvima-</strong></span> <span class='ocrx_word' id='word_1_285' title='bbox 1269 2290 1391 2331; x_wconf 81' lang='lat' dir='ltr'><strong>Prius</strong></span> <span class='ocrx_word' id='word_1_286' title='bbox 1417 2292 1592 2343; x_wconf 80' lang='lat' dir='ltr'><strong>Inter-pr.</strong></span> 
     </span>
     <span class='ocr_line' id='line_1_38' title="bbox 156 2346 1593 2402; baseline 0.001 -18"><span class='ocrx_word' id='word_1_287' title='bbox 156 2346 346 2398; x_wconf 67' lang='lat' dir='ltr'><strong>Eeoynus</strong></span> <span class='ocrx_word' id='word_1_288' title='bbox 365 2348 544 2397; x_wconf 72' lang='lat' dir='ltr'><strong>morbus‚-</strong></span> <span class='ocrx_word' id='word_1_289' title='bbox 568 2361 616 2387; x_wconf 80' lang='lat' dir='ltr'><strong>ac</strong></span> <span class='ocrx_word' id='word_1_290' title='bbox 637 2347 672 2386; x_wconf 88' lang='lat' dir='ltr'><strong>si</strong></span> <span class='ocrx_word' id='word_1_291' title='bbox 695 2348 865 2402; x_wconf 81' lang='lat' dir='ltr'><strong>legisset</strong></span> <span class='ocrx_word' id='word_1_292' title='bbox 883 2347 1056 2400; x_wconf 80' lang='grc' dir='ltr'>ἔκκυνος,</span> <span class='ocrx_word' id='word_1_293' title='bbox 1088 2352 1261 2388; x_wconf 83' lang='lat' dir='ltr'><strong>alterum</strong></span> <span class='ocrx_word' id='word_1_294' title='bbox 1285 2347 1436 2399; x_wconf 84' lang='lat' dir='ltr'><strong>reddit,</strong></span> <span class='ocrx_word' id='word_1_295' title='bbox 1465 2350 1593 2386; x_wconf 71' lang='lat' dir='ltr'><strong>inter.</strong></span> 
     </span>
    </p>
   </div>
   <div class='ocr_carea' id='block_1_9' title="bbox 158 2403 835 2457">
    <p class='ocr_par' dir='ltr' id='par_1_16' title="bbox 158 2403 835 2457">
     <span class='ocr_line' id='line_1_39' title="bbox 158 2403 835 2457; baseline 0.007 -18"><span class='ocrx_word' id='word_1_296' title='bbox 158 2403 345 2445; x_wconf 68' lang='lat' dir='ltr'><strong>osculari</strong></span> <span class='ocrx_word' id='word_1_297' title='bbox 366 2404 429 2443; x_wconf 76' lang='lat' dir='ltr'><strong>vel</strong></span> <span class='ocrx_word' id='word_1_298' title='bbox 446 2406 598 2457; x_wconf 75' lang='lat' dir='ltr'><strong>affligi.</strong></span> <span class='ocrx_word' id='word_1_299' title='bbox 656 2403 835 2444; x_wconf 68' lang='lat' dir='ltr'><strong>Kussnn.</strong></span> 
     </span>
    </p>
   </div>
   <div class='ocr_carea' id='block_1_10' title="bbox 153 2469 1651 2584">
    <p class='ocr_par' dir='ltr' id='par_1_17' title="bbox 153 2469 1651 2584">
     <span class='ocr_line' id='line_1_40' title="bbox 266 2469 1651 2527; baseline 0 -15"><span class='ocrx_word' id='word_1_300' title='bbox 266 2473 335 2514; x_wconf 80' lang='grc' dir='ltr'><strong>καῖ</strong></span> <span class='ocrx_word' id='word_1_301' title='bbox 362 2472 631 2527; x_wconf 74' lang='grc' dir='ltr'>προσκυνεῖν]</span> <span class='ocrx_word' id='word_1_302' title='bbox 670 2473 822 2526; x_wconf 82' lang='lat' dir='ltr'><strong>Margo</strong></span> <span class='ocrx_word' id='word_1_303' title='bbox 855 2470 902 2513; x_wconf 90' lang='lat' dir='ltr'><strong>C.</strong></span> <span class='ocrx_word' id='word_1_304' title='bbox 934 2471 984 2512; x_wconf 90' lang='lat' dir='ltr'><strong>A.</strong></span> <span class='ocrx_word' id='word_1_305' title='bbox 1017 2474 1084 2515; x_wconf 80' lang='grc' dir='ltr'><strong>καὶ</strong></span> <span class='ocrx_word' id='word_1_306' title='bbox 1112 2471 1294 2521; x_wconf 81' lang='lat' dir='ltr'><strong>omittit,</strong></span> <span class='ocrx_word' id='word_1_307' title='bbox 1326 2469 1526 2526; x_wconf 81' lang='lat' dir='ltr'><strong>additque</strong></span> <span class='ocrx_word' id='word_1_308' title='bbox 1554 2489 1594 2514; x_wconf 77' lang='lat' dir='ltr'><strong>to</strong></span> <span class='ocrx_word' id='word_1_309' title='bbox 1643 2488 1651 2494; x_wconf 62' lang='lat'><em>³</em></span> 
     </span>
     <span class='ocr_line' id='line_1_41' title="bbox 153 2527 1643 2584; baseline -0.002 -15"><span class='ocrx_word' id='word_1_310' title='bbox 153 2529 388 2583; x_wconf 76' lang='grc' dir='ltr'>προκυνεῒν,</span> <span class='ocrx_word' id='word_1_311' title='bbox 415 2537 458 2568; x_wconf 89' lang='lat' dir='ltr'><strong>et</strong></span> <span class='ocrx_word' id='word_1_312' title='bbox 477 2529 569 2570; x_wconf 82' lang='lat' dir='ltr'><strong>sine</strong></span> <span class='ocrx_word' id='word_1_313' title='bbox 589 2528 764 2569; x_wconf 84' lang='lat' dir='ltr'><strong>diaeresi</strong></span> <span class='ocrx_word' id='word_1_314' title='bbox 787 2531 1063 2582; x_wconf 69' lang='grc' dir='ltr'><strong>προυλακτεΐν,</strong></span> <span class='ocrx_word' id='word_1_315' title='bbox 1095 2527 1209 2584; x_wconf 88' lang='lat' dir='ltr'><strong>quod</strong></span> <span class='ocrx_word' id='word_1_316' title='bbox 1231 2527 1375 2570; x_wconf 89' lang='lat' dir='ltr'><strong>nolim.</strong></span> <span class='ocrx_word' id='word_1_317' title='bbox 1409 2528 1588 2567; x_wconf 75' lang='lat' dir='ltr'><strong>Kumm.</strong></span> <span class='ocrx_word' id='word_1_318' title='bbox 1641 2579 1643 2583; x_wconf 23' lang='grc' dir='ltr'>ι</span> 
     </span>
    </p>
   </div>
   <div class='ocr_carea' id='block_1_11' title="bbox 264 2583 919 2642">
    <p class='ocr_par' dir='ltr' id='par_1_18' title="bbox 264 2583 919 2642">
     <span class='ocr_line' id='line_1_42' title="bbox 264 2583 919 2642; baseline 0.002 -16"><span class='ocrx_word' id='word_1_319' title='bbox 264 2583 418 2640; x_wconf 77' lang='grc' dir='ltr'>πρινή]</span> <span class='ocrx_word' id='word_1_320' title='bbox 449 2585 544 2626; x_wconf 88' lang='lat' dir='ltr'><strong>MS.</strong></span> <span class='ocrx_word' id='word_1_321' title='bbox 576 2589 673 2642; x_wconf 77' lang='grc' dir='ltr'>πρὶν</span> <span class='ocrx_word' id='word_1_322' title='bbox 695 2585 733 2637; x_wconf 81' lang='grc' dir='ltr'><strong>ἤ.</strong></span> <span class='ocrx_word' id='word_1_323' title='bbox 791 2585 919 2628; x_wconf 77' lang='lat' dir='ltr'><strong>IUNG.</strong></span> 
     </span>
    </p>
   </div>
   <div class='ocr_carea' id='block_1_12' title="bbox 1635 1913 1670 2825">
    <p class='ocr_par' dir='ltr' id='par_1_19' title="bbox 1635 1913 1670 2825">
     <span class='ocr_line' id='line_1_43' title="bbox 1635 1913 1670 2825; baseline 0 0"><span class='ocrx_word' id='word_1_324' title='bbox 1635 1913 1670 2825; x_wconf 95' lang='lat' dir='ltr'><strong> </strong></span> 
     </span>
    </p>
   </div>
  </div>
 </body>
</html>
