1670 2938
195 92 279 134 860
804 93 879 138 IV.
939 101 1034 142 181.

194 200 344 241 iterum
375 197 555 244 inseruit
582 205 629 244 in
659 219 736 245 sno
769 206 913 247 codice
938 208 1039 260 τῶν,
1070 209 1156 250 ita:
1186 210 1276 270 πὲρὶ
1306 214 1387 256 ταῖν
1419 213 1522 269 ἶατρ.
1548 213 1632 269 ἕργ.

192 257 259 296 uti
279 268 321 297 et
342 273 466 311 supra
485 274 611 315 segm.
645 274 737 314 177.
767 262 936 303 fecerat.
994 265 1121 306 Imm.

303 316 477 368 ψαλλῖς]
504 315 601 356 Vicl.
629 331 753 369 supra
774 318 834 367 II,
869 316 934 371 52.
993 320 1090 362 Sssn.

301 371 473 424 ψαλλὶς]
502 372 597 411 MS.
623 375 746 425 ψαλῖς
784 388 866 412 una
891 379 912 416 λ
934 385 1057 415 recte.
1114 376 1240 418 IUNG.

302 427 472 489 ψαλλὶς]
525 428 648 480 ψαλὶς
685 442 771 468 uno
803 434 825 471 λ
853 444 930 483 pro
960 432 1094 483 priori
1133 434 1278 488 ψαλλῖς
1316 434 1536 474 Kuehniu'e
1565 448 1634 475 re-

230 490 359 520 osmt.

193 493 222 535 P
303 535 553 593 αἷτογλυᾳῖς]
587 539 635 582 C.
652 540 702 581 A.
732 540 893 580 omittit
911 539 1033 595 μήλη,
1052 543 1148 597 quia
1168 543 1278 583 idem
1299 554 1363 584 est
1385 559 1477 585 cum
1495 546 1632 598 σμίλῃ.

190 591 320 634 εὕδων
343 594 392 632 in
421 595 608 650 margine
635 610 712 650 pro
746 595 940 647 εύείδιον,
975 599 1090 653 quod
1110 609 1151 640 et
1174 600 1223 641 C.
1253 601 1302 642 V.
1333 600 1473 642 habet.
1521 600 1633 641 idem

191 649 317 703 ψαλὶς
337 663 411 701 per
433 664 566 689 unum
586 656 623 693 λ.
683 653 861 694 KUmm.

300 713 551 772 ω’τογλυφῖς]
591 719 684 761 MS.
716 717 851 774 ὦτογλ.
879 720 1020 776 ὕηογρ.
1051 721 1265 765 inversim.
1294 719 1397 776 μῆλη
1426 737 1528 763 vero
1557 720 1632 763 de-

189 779 266 813 est.
325 771 392 810 Ad
420 772 527 811 illud
561 768 789 828 ὗπογραφῖς
817 776 876 815 ita
907 779 966 817 H.
994 779 1132 831 Steplz.
1162 778 1254 820 hic:
1293 781 1524 832 rasorium,
1556 791 1631 831 ego

193 829 557 878 scarfficatorium.
614 831 743 871 Iuno.

189 950 231 990 K
298 890 426 949 μήλη]
467 894 572 951 μήλη
599 897 804 950 Interpres
833 899 940 943 mele.
970 902 1116 941 melius
1143 915 1192 941 ex
1215 901 1376 941 Gla-esis
1395 902 1629 954 specillum.

235 961 370 992 ΗΕΚΝ.

301 1005 475 1060 ξυστήρ]
530 1007 666 1051 Glosae.
694 1008 839 1065 ξυστήρ
878 1015 1108 1065 rasorium,
1146 1011 1332 1054 radendo
1361 1011 1535 1063 vomeri,
1562 1013 1632 1053 vel

190 1063 319 1103 ralla.
378 1063 561 1108 Kumm.

300 1126 550 1186 ἆὸονιάγρα]
590 1130 729 1175 Gl⁰880
765 1130 986 1191 ὅδοντοῖγρα
1007 1134 1159 1189 forfex
1180 1136 1398 1188 dentur-ia,
1437 1135 1628 1177 dentalis.

191 1185 375 1225 Humum

298 1240 486 1297 ξύείδιον]
524 1239 696 1285 εὖεῖδιον
725 1243 828 1298 quid
859 1245 951 1286 est?
980 1247 1070 1289 MS.
1110 1250 1220 1287 clare
1254 1247 1400 1293 εὕδων.
1434 1246 1547 1303 quod
1567 1261 1631 1288 re-

191 1306 303 1336 ctum
326 1307 446 1350 puto,
480 1306 523 1336 et
553 1297 662 1338 idem
692 1314 784 1338 cum
818 1301 1036 1354 Eudiaeo,
1066 1306 1132 1342 vel
1152 1303 1188 1342 si
1212 1304 1471 1350 mutandum,
1503 1303 1548 1342 in
1571 1303 1631 1342 il-

187 1352 265 1392 lud
309 1351 569 1391 mutandum.
634 1355 891 1408 Eudiaeum,
945 1358 1004 1396 ait
1063 1359 1235 1407 Festus,
1283 1361 1435 1399 lineum
1467 1361 1629 1411 filium,

188 1408 302 1462 quod
318 1409 666 1504 mediciIextremo
694 1414 742 1450 in
760 1414 951 1465 cbysterio
974 1413 1222 1468 relinquunt,
1230 1430 1304 1468 per
1328 1415 1440 1468 quod
1454 1417 1628 1468 clysma-5

187 1467 412 1506 emittitur.
496 1478 551 1504 UN
559 1478 598 1505 G.

298 1530 498 1584 εύείδιον]
544 1532 676 1576 εὕδιον
705 1536 814 1576 clare
844 1545 888 1576 et
915 1538 1272 1590 Falokenburgius
1303 1538 1347 1576 in
1369 1552 1445 1578 suo
1467 1536 1628 1578 Codice

187 1587 321 1642 legit,
351 1587 702 1642 quemadmodum
731 1601 774 1631 et
807 1592 867 1632 Cl.
896 1594 1228 1646 langermannus
1256 1608 1278 1633 e
1301 1596 1507 1633 Palatino
1538 1593 1628 1634 Co·-

188 1642 284 1683 dice
304 1643 446 1692 affert,
480 1654 522 1684 et
540 1646 756 1685 Kuelzm'us
774 1663 889 1687 meus
916 1649 959 1687 in
981 1650 1068 1688 suis
1087 1650 1254 1689 MSStis
1274 1650 1391 1704 legit.

299 1711 520 1765 μηλιίἷσαιι]Ι
557 1713 675 1753 MSS.
713 1715 899 1767 μυλῶσαι
925 1714 1082 1770 μύλην,
1114 1716 1326 1770 quomodo
1353 1717 1407 1766 X,
1443 1715 1532 1772 149.
1561 1715 1627 1757 ed.

194 1768 367 1823 quoque
386 1766 501 1821 μύλη.
559 1768 640 1808 Sed
656 1771 870 1823 praecedit
891 1781 1027 1811 tamen
1046 1774 1258 1826 μηλωτρίς.
1289 1782 1331 1813 et
1349 1773 1528 1827 Hesych.
1551 1790 1628 1828 μη·

189 1825 318 1867 λῶσαι
339 1819 384 1866 τι)
403 1822 477 1875 τήν
493 1822 625 1878 μήλην
645 1828 837 1869 mathai
856 1845 947 1878 nov,
977 1838 1055 1869 etc.
1115 1829 1213 1869 sz.

300 1881 400 1923 ὅθεν
429 1883 499 1922 καὶ
529 1877 687 1936 Φρῦν.]
746 1884 843 1923 Ηοο
878 1883 1167 1925 testimonium
1207 1898 1285 1939 pro
1310 1898 1427 1926 more
1465 1883 1627 1925 omittit

187 1936 238 1980 C.
257 1935 341 1977 ·A.>
385 1936 573 1977 KUEHN.

189 2013 195 2018 ‘
298 2001 401 2046 ὅθεν
433 2005 502 2044 καὶ
534 2000 685 2057 Φρύν.]
737 2005 907 2045 Desunt
937 2006 983 2046 in
1013 2006 1106 2047 MS.
1147 2006 1247 2049 ὅθεν
1276 2023 1312 2049 κ.
1344 2013 1396 2051 Φ.
1425 2005 1450 2049 ὅ
1474 2023 1512 2050 κ.
1538 2020 1624 2053 uua

187 2074 282 2099 cum
317 2058 484 2098 Comici
514 2072 648 2099 versu.
705 2060 758 2099 In
789 2061 862 2101 illo
891 2076 968 2115 pro
1000 2060 1101 2105 κατοῖ
1126 2064 1274 2117 μηλῶν,
1305 2066 1365 2104 H.
1390 2063 1624 2114 Stephanus

187 2114 240 2155 ad
273 2128 407 2154 oram:
438 2117 550 2163 ἴσως,
573 2117 832 2169 καταμηλῶν,
864 2131 970 2171 quae
1000 2119 1206 2159 correctio
1231 2129 1272 2159 et
1302 2118 1411 2158 mihi
1430 2118 1476 2156 in
1500 2131 1624 2159 men,-

187 2180 271 2211 tem
302 2170 443 2220 venit,
474 2184 602 2224 quum
637 2172 817 2222 primum
838 2172 940 2213 haec
958 2176 1150 2229 legerem.
1208 2176 1266 2213 Et
1285 2183 1394 2214 cette
1412 2183 1624 2227 tamquam

187 2227 248 2266 ita
268 2229 475 2280 legeretur
494 2226 607 2280 apud
626 2228 847 2278 Pollucem,
881 2243 930 2268 eo
957 2229 1082 2270 modo
1101 2230 1203 2271 haec
1221 2229 1344 2269 verba
1365 2229 1411 2267 in
1429 2228 1624 2268 Thesau-

187 2296 235 2322 ro
267 2282 343 2320 sub
372 2282 504 2335 μηλὲω
538 2282 697 2331 adfert,
727 2283 1071 2337 interpretando,
1109 2287 1273 2337 specillo
1294 2288 1340 2324 in
1372 2292 1521 2336 guttur
1539 2287 1624 2323 im-

180 2340 308 2378 misso
327 2351 456 2388 vome,
485 2352 554 2378 seu
585 2353 713 2379 manu
743 2347 819 2378 aut
832 2355 975 2392 penna
1001 2343 1164 2393 spec-illi
1181 2343 1280 2383 loco.
1341 2339 1515 2380 Omittit
1543 2355 1624 2380 au-

188 2403 272 2434 tem
300 2391 361 2433 ibi
393 2397 485 2443 καῖ,
516 2393 591 2435 sed
621 2393 870 2435 adversum
900 2395 1069 2437 videtur
1098 2395 1388 2436 sustinendum
1430 2410 1622 2438 necesse:

187 2450 320 2498 πλέως
346 2459 484 2490 autem
513 2451 686 2490 alterius
717 2450 890 2489 initium
912 2465 1023 2503 esse,
1064 2466 1190 2506 quum
1210 2453 1367 2506 absque
1384 2465 1434 2490 eo
1452 2451 1508 2490 sit
1527 2455 1623 2505 ple-

189 2519 270 2543 nus
295 2505 486 2544 senarius
507 2520 628 2546 unus.
686 2508 795 2548 Sane
814 2507 848 2545 si
870 2506 978 2547 illud
995 2508 1094 2550 κατοὲ
1109 2507 1364 2556 eiiceremus,
1395 2505 1478 2545 hoc
1495 2519 1621 2562 pacto

177 2561 575 2615 ,constituisposset
611 2563 739 2605 facile
780 2577 890 2603 unus
929 2565 1183 2615 versiculus,
1223 2564 1379 2615 Μηλῶν
1407 2563 1516 2617 Zau·
1553 2565 1624 2607 καὶ
