1682 2956
185 70 240 111 40
827 60 864 105 1.
923 68 994 109 27:

187 178 247 232 τᾶ,
275 179 380 235 χίλια
407 178 488 229 ζῶα
516 176 797 234 ὑποσχέσθαι,
825 176 928 222 κατά
948 178 1091 235 χιλίων
1124 172 1325 230 εὔξασθαι
1349 175 1538 232 ἐφράζετο
1569 179 1643 228 δη·

189 237 308 281 λοῧσο
336 234 496 292 χρήσεις
528 237 719 288 παλαιαὶ,
758 234 863 279 οὕτω
894 237 960 283 δὲ,
1002 230 1058 284 αἷς
1087 233 1218 284 εἰκός,
1266 239 1333 278 καὶ
1363 234 1465 287 κατά
1497 234 1643 278 ἑκατόν

190 294 316 351 βοῶν,
340 296 410 337 καὶ
431 294 594 336 λοιπῶν.
631 307 730 347 ergo
767 293 843 346 qui
875 292 989 332 mille
1008 291 1205 332 victimas
1223 293 1306 331 aris
1330 303 1432 332 voto
1455 307 1532 331 suo
1562 291 1645 331 de-

192 351 351 397 stinat,
384 348 541 389 dicitur
571 350 772 401 Graecis,
806 346 911 392 κατά
929 351 1090 404 χιλίων,
1123 348 1199 403 qui
1233 363 1333 389 vero
1356 358 1485 388 vovet
1513 348 1646 389 heca-

192 406 367 447 tomben
388 405 532 454 boum,
564 404 666 449 κατοῖ
687 404 831 449 ἑκαιόν
849 406 959 460 βοῶν
980 406 1189 462 εὔχεσθαι.
1220 404 1411 459 adeoque
1442 404 1484 444 h.
1517 407 1545 444 l.
1577 405 1646 447 εὕ-

192 471 343 520 χεσθαι
358 461 461 506 nato}
478 461 576 518 βοός
595 462 622 514 ἦ
640 463 759 506 ἄλλου
781 480 853 506 του
875 462 1103 518 significat,
1133 477 1273 501 vovere
1294 463 1385 501 Deo
1407 463 1547 500 bovem
1568 471 1644 500 aut

195 519 323 561 aliud
348 519 463 574 qaid.
522 520 680 559 Suidas
706 519 900 559 meminit
928 518 1059 569 dicti,
1091 518 1235 558 nescio
1271 518 1392 557 cuius
1423 517 1644 558 Auctoris:

194 575 254 634 μή
272 575 403 620 πάντα
428 570 531 619 nato?
550 575 645 630 βοός
665 579 784 627 ἔξεις,
811 579 903 626 vel,
932 585 982 615 ut
1003 578 1299 628 Diogenianus
1319 576 1438 629 legit,
1468 572 1524 629 μή
1546 573 1647 617 κατά

196 639 240 689 β.
269 632 406 685 ιῦξεις.
446 647 524 686 pro
552 647 635 688 quo
663 634 870 672 Erasmus
899 633 1072 687 reponit
1102 632 1219 686 εὔχου
1261 641 1304 671 et
1341 631 1646 685 interpretatur

199 705 250 730 ne
286 700 433 729 contra
468 690 604 729 bovem
634 698 752 742 opta,
806 688 934 728 nimis
973 689 1158 729 obscure.
1225 688 1441 728 Hadrian.
1498 690 1645 727 lanius

204 747 316 786 Cent.
347 761 386 787 v.
414 747 610 789 Proverb.
645 746 712 785 50.
746 761 829 785 non
865 748 1008 785 omnia
1043 760 1118 798 per
1157 745 1294 784 bovem
1330 744 1543 785 obtinebis.
1580 743 1644 785 Cl.

201 805 395 842 Suicerus
415 803 462 842 in
491 794 715 853 Thesauro,
735 816 842 842 voce
859 804 1115 856 βατταλογεῖν
1137 811 1280 841 censet
1300 800 1525 856 legendum
1545 799 1648 843 καιοῖ

198 860 331 914 βοῶν,
370 867 412 899 et
439 858 628 913 explicat
662 857 712 897 de
743 860 987 898 elamoribus
1014 861 1288 911 precantium.
1330 857 1437 896 mihi
1463 872 1515 896 ex
1549 860 1648 897 Pol-

200 916 293 956 luce
323 925 366 955 et
393 913 488 954 aliis
513 913 770 955 Auctoribus
797 914 968 954 videtur
990 916 1125 954 tutius
1146 914 1230 969 legi
1256 927 1402 968 posse.
1432 912 1488 967 μή
1513 913 1648 957 πάντα

201 969 306 1014 κατα
323 968 418 1025 βοδς
437 970 549 1027 εὕξῃς
570 974 638 1011 vel
661 974 773 1021 ἕξεις,
803 986 853 1011 eo
878 985 1016 1023 sensu,
1047 981 1095 1010 ut
1122 971 1337 1019 innuatur,
1364 985 1450 1010 non
1483 984 1647 1012 omnem

203 1042 318 1085 spem
340 1037 383 1067 et
412 1026 607 1067 fiduciam
638 1026 921 1079 reponendam
947 1042 1035 1067 esse
1065 1028 1108 1065 in
1140 1027 1253 1066 votis
1275 1026 1326 1068 de
1355 1026 1648 1068 immolatione

203 1093 270 1123 tot
293 1082 535 1123 animalium
558 1083 799 1137 conceptis,
830 1082 903 1123 sed
925 1098 1072 1122 manus
1092 1083 1217 1124 etiam
1243 1098 1336 1122 cum
1354 1084 1450 1124 Deo
1478 1098 1648 1133 moven-

205 1138 279 1179 das
298 1155 397 1183 esse.
454 1140 630 1192 Hesych.
665 1138 768 1182 uara?
791 1138 884 1194 βοός
905 1141 1106 1191 εὔξασθαι
1128 1140 1316 1193 explicat
1334 1154 1410 1194 per
1429 1141 1646 1193 usitatius,

205 1196 396 1266 εὔχεσθαι
414 1194 517 1252 aaron*
531 1193 642 1249 βοός.
703 1198 764 1236 Ita
785 1197 999 1249 Aristopli.
1033 1197 1076 1235 in
1102 1198 1247 1249 Equit.
1284 1194 1387 1238 κατοῖ
1416 1199 1556 1252 χιλίων
1579 1196 1652 1241 εὖ·

204 1270 284 1310 χην
305 1250 563 1304 ποιήσασθαι
585 1251 781 1309 χιμάρων,
815 1262 911 1291 vota
936 1256 1151 1304 concipere
1174 1252 1222 1290 de
1245 1254 1515 1292 immolandis
1540 1255 1652 1292 mille

205 1311 395 1362 capellis.
454 1310 512 1348 Et
540 1324 680 1349 revera
709 1309 954 1349 huiusmodi
988 1319 1086 1348 vota
1122 1307 1223 1352 κατά
1242 1307 1335 1360 βοός
1353 1321 1499 1349 contra
1521 1309 1651 1350 boves

207 1376 332 1414 sunt,
365 1381 459 1405 nam
490 1366 659 1405 illorum
692 1367 898 1420 sanguine
923 1365 1171 1405 redduntur.
1232 1364 1358 1413 Unde
1378 1365 1505 1406 boum
1527 1365 1651 1406 albo-

206 1436 298 1461 rum
318 1421 560 1475 epistolium
584 1422 788 1463 Graecum
812 1421 864 1461 ad
883 1424 1078 1461 Marcum
1104 1422 1333 1472 Caesarem,
1359 1425 1398 1461 si
1418 1430 1464 1462 tu
1486 1425 1651 1471 viceris,

208 1492 284 1518 noe
298 1479 493 1532 perimus.
549 1478 727 1519 Humm.

319 1533 579 1588 οἷναστὲφειν]
612 1535 695 1575 Pro
723 1533 982 1590 οἷναστέφειν,
1010 1535 1144 1578 Labb.
1179 1533 1458 1590 ἀναστρέφειν.
1517 1536 1652 1580 Iuno,

320 1591 645 1646 στεφανωτρίδα]
677 1592 743 1631 Ita
766 1592 811 1630 in
835 1601 959 1632 textu
988 1592 1035 1633 C.
1067 1593 1117 1631 A.
1146 1591 1216 1632 sed
1245 1601 1442 1631 accentus
1470 1596 1654 1632 transla-

209 1655 279 1687 tus
308 1657 371 1688 est
398 1648 443 1686 in
470 1648 869 1700 antepenultimam,
914 1663 1030 1688 erasa
1062 1648 1186 1689 etiam
1215 1649 1339 1688 litera
1374 1666 1421 1704 ρ,
1453 1659 1502 1688 ut
1529 1659 1653 1703 esset,

209 1701 500 1756 σεεφανώτιὸα.
559 1704 687 1743 Forte
707 1714 918 1744 corrector
940 1705 1013 1745 ille
1038 1705 1320 1758 existimavit,
1353 1708 1653 1762 στεφανωτρίδα

209 1759 424 1800 mulierem
454 1758 654 1800 denotare
686 1773 792 1814 quae
822 1764 1001 1801 corollas
1037 1762 1239 1804 contexit.
1273 1763 1520 1816 στεφανῶτις
1550 1777 1651 1803 vero

209 1818 380 1871 μυῤῥίνη
402 1825 561 1869 myrtus
584 1825 627 1856 et
654 1815 699 1854 in
730 1817 900 1857 coronis
932 1819 1132 1872 frequens
1161 1829 1203 1858 et
1229 1819 1434 1858 solennis.
1465 1818 1517 1858 ad
1545 1820 1655 1858 ulti-

212 1886 324 1911 mum
347 1870 730 1927 interpungendum
753 1882 852 1926 post
874 1877 1188 1928 στεφανωτρίδα.
1247 1875 1318 1914 De
1338 1877 1538 1930 μυῤῥίνης
1569 1893 1654 1919 στι·

213 1925 327 1982 φάνῳ
350 1926 448 1978 vide
472 1926 638 1966 Scholia
663 1928 707 1966 in
733 1929 947 1981 Sophoclis
979 1931 1118 1982 oedip.
1149 1932 1214 1973 ἐπὶ
1243 1936 1336 1974 κωλ.
1395 1931 1655 1973 Athenaeum

214 1993 257 2026 et
278 1998 331 2024 ex
351 1997 400 2023 eo
422 1985 695 2023 Paschalium
715 1987 742 2028 1.
775 1999 811 2034 7.
841 2000 876 2025 c.
911 1984 972 2028 18.
1029 1987 1207 2028 Kumm.

325 2049 516 2104 σπεῖσαι]
556 2052 706 2103 Interp.
747 2052 912 2105 offerre,
947 2055 1128 2102 rectius,
1171 2055 1326 2103 libare,
1367 2065 1430 2097 est
1466 2071 1509 2096 n.
1541 2055 1654 2097 idem

216 2105 331 2162 quod
367 2107 576 2156 σπένδειν,
620 2109 780 2159 λείβειν.
822 2108 908 2150 vid.
948 2112 1148 2155 Eustath.
1189 2110 1233 2149 in
1265 2114 1433 2151 Homer.
1481 2126 1524 2166 p.
1556 2111 1652 2154 640.

213 2165 475 2210 “anormalam
495 2163 883 2217 inspergere-fronti
903 2168 1102 2205 victimae
1132 2170 1290 2206 vinum.
1348 2168 1415 2207 Ita
1437 2169 1547 2207 enim
1577 2184 1654 2210 ex·-

213 2218 440 2272 plorabant
455 2218 671 2267 victimas,
697 2229 745 2258 ut
775 2220 812 2260 si
832 2235 919 2260 non
949 2222 1238 2276 exhorrerent,
1272 2233 1393 2276 aptae
1421 2225 1655 2277 probaren-

214 2284 296 2314 tur.
359 2275 523 2313 Servius
539 2274 582 2313 in
606 2290 670 2314 vr.
702 2277 868 2318 Aeneid.
925 2280 1102 2329 Delphis
1133 2294 1219 2318 non
1254 2278 1535 2320 reddebantur
1564 2296 1654 2321 ora·

217 2333 332 2377 cula,
361 2329 446 2369 nisi
477 2339 572 2369 ante
609 2331 778 2370 victima
810 2332 1089 2374 libationibus
1119 2337 1312 2389 perfusa,
1354 2345 1447 2375 toto
1480 2343 1655 2390 corpore

215 2394 429 2431 tremeret,
461 2395 502 2425 et
522 2385 887 2428 vehementissime
910 2401 1220 2441 concuteretur,
1249 2405 1326 2430 nec
1349 2391 1504 2443 Pythia
1531 2402 1655 2446 pote-

216 2451 281 2489 rat
300 2440 454 2480 adduci
474 2452 522 2481 ut
546 2442 846 2484 conscenderet
868 2445 1076 2498 tripodem
1099 2448 1396 2497 vaticinatura,
1419 2448 1455 2487 si
1475 2447 1526 2488 ad
1550 2447 1654 2501 πρώ-

216 2515 287 2550 τας
316 2498 594 2546 κατασπείσεις
623 2499 796 2546 immota
834 2510 962 2542 staret
985 2502 1171 2543 victima.
1203 2502 1289 2544 vid.
1347 2505 1574 2545 Plutarch.
1603 2505 1654 2546 de

216 2551 382 2608 dffeotu
411 2552 579 2593 oracul.
639 2555 817 2596 Horum.
