1670 2938
168 64 250 106 690
792 57 865 97 IV.
925 60 993 102 54.

174 173 273 214 item
295 171 345 211 de
374 168 583 225 propheta
613 169 735 219 idoli,
768 184 887 224 quem
908 184 930 209 a
951 183 1046 224 rege
1067 169 1400 223 Babyloniorum
1424 167 1610 219 interfe-

174 239 284 269 ctum
323 226 502 268 defleant
541 226 683 265 omnia
723 226 835 266 idola
873 226 1173 266 convenientia
1202 226 1443 278 Babylone,
1475 224 1610 276 prima

174 285 243 324 die
265 283 419 324 mensis
450 283 646 330 Thamus,
674 282 744 322 cui
766 280 994 336 respondet
1015 291 1160 322 noster
1181 283 1344 334 lunius,
1377 283 1436 324 D.
1471 281 1610 333 Gythr.

177 342 321 380 Onom.
358 339 493 377 ἸῚιεοί.
550 339 648 378 SEB.

282 392 602 449 οἷδωνιμαοιδός]
647 394 764 434 Male
797 395 948 434 coalita
984 407 1084 442 vox,
1115 403 1158 434 et
1183 393 1367 433 alienum
1390 388 1440 432 ¹in
1471 394 1610 432 locum

175 454 397 503 translata,
426 460 474 490 ut
498 460 612 504 patet
632 465 682 490 ex
709 451 852 505 Codice
873 453 1196 502 Antwerpiensi,
1225 450 1271 488 in
1292 463 1343 490 eo
1360 449 1475 490 enim
1501 451 1612 488 clare

172 508 331 564 legitur
344 517 443 561 post
462 506 634 559 ἱμάδιος·
664 506 687 548 ὁ
712 507 753 549 δὲ
771 507 877 561 ᾅδων
896 505 1091 560 ἱμαοιδός,
1124 508 1196 560 qui
1224 517 1314 545 vero
1335 508 1453 545 canit
1469 507 1613 544 canti-

173 566 371 605 ani-alam
403 566 600 603 molarem
616 592 626 610 ,
659 562 818 602 dicitur
844 561 1038 617 ἰμαοιὸός.
1065 563 1128 610 ita
1159 571 1274 615 patet
1301 575 1407 616 quae
1431 575 1527 602 vera
1554 561 1612 599 sit

175 620 293 662 vocis
327 619 471 670 lectio,
501 618 701 673 quodque
730 619 942 672 pertineat
960 618 1019 659 ad
1037 617 1352 673 praecedentem
1368 617 1613 660 flectionem..

173 675 263 718 vid.
292 677 473 730 Hesych.
508 676 553 714 in
571 674 764 726 ι’μαοιδός.
821 675 1002 732 K-umm.

285 727 601 788 ἅδωνιμαοιδὸς]
645 733 725 772 Pro
752 728 1043 787 α’δωνιμαοιδὸς
1068 732 1168 776 MS.
1204 729 1229 773 ὅ
1258 729 1301 773 δὲ
1323 729 1440 786 ᾅδων,
1470 733 1613 784 ι”μαοι-

174 785 256 839 δὸς.
286 790 484 829 insanum
517 788 640 830 bene.
688 798 730 828 et
765 788 827 828 sic
857 798 1082 842 corruptus
1112 788 1184 828 ille
1210 790 1330 827 locus
1361 786 1611 828 restituitur.

176 845 355 888 Accedit
373 854 415 886 et
433 846 727 898 Hesyclzianus
750 847 873 885 locus
900 859 1069 899 prorsus
1092 844 1306 899 geminus,
1335 851 1383 882 ut
1410 841 1614 883 emende-

177 913 245 943 tur
275 903 455 956 pariter:
480 899 682 955 ·ἱμαοιδός,
713 900 738 943 o‘
763 899 866 956 πρός
893 902 941 959 τῇ
963 899 1076 955 μύλῳ
1102 902 1171 944 καὶ
1199 900 1253 955 τῷ
1276 897 1473 953 αὐλήματλι
1490 899 1613 953 ᾄδων.

178 973 273 998 nam
311 958 463 998 iterum
492 958 736 1012 Sylbargius
777 958 830 998 ad
864 972 979 999 oram
1010 957 1171 998 codicis
1203 956 1271 997 sui
1299 969 1377 1011 pro
1418 951 1617 1012 αὗλήμαη

177 1014 338 1070 optime
353 1011 587 1068 ἄντλῆματι·.
643 1016 772 1056 IUNG.

287 1069 598 1126 ἅδωντμαοίδός]
649 1072 733 1112 Pro
772 1077 959 1110 monstro
988 1070 1064 1110 illo
1105 1064 1300 1110 vocabuli
1329 1061 1617 1123 ἀδωνιμαοιδός

177 1141 316 1169 veram
344 1128 427 1167 iam
456 1126 536 1167 tibi
570 1127 714 1166 damus
737 1127 983 1167 MSStorum
1008 1125 1249 1174 lectionem,
1281 1124 1306 1166 ό
1327 1127 1368 1168 δὲ
1395 1119 1505 1180 ᾅδων
1525 1126 1618 1180 ipa·

176 1180 299 1237 οιδδς,
331 1197 454 1239 quam
476 1191 519 1225 et
539 1183 760 1226 Kuehnius
780 1183 938 1223 Noster
955 1183 1000 1222 in
1021 1196 1100 1222 suo
1121 1181 1282 1223 Codice
1301 1179 1508 1236 reposuit.

179 1305 1233 1406 ...4¹:333ss“1323232135302223200az?
1365 1302 1517 1345 Μ
1543 1298 1618 1345 ⁸⁶⁶¹

288 1423 357 1464 καὶ
391 1378 599 1476 βαίριμοὲ]
651 1417 778 1473 Apud
808 1420 962 1459 Athen.
1010 1420 1086 1460 fol.
1128 1418 1225 1473 619.
1260 1417 1419 1471 βῶρκος
1449 1417 1619 1471 legitur.

178 1477 411 1531 Hesychius
444 1487 583 1516 autem
616 1475 782 1516 duobus
805 1475 914 1515 locis
931 1476 1132 1514 Bormum
1159 1476 1371 1524 nominat,
1401 1471 1615 1528 quomodo

179 1534 342 1577 observ.
375 1533 552 1573 Casaub.
588 1533 715 1572 anim.
746 1531 792 1570 in
815 1532 967 1571 Athen.
997 1531 1075 1572 fol.
1106 1529 1202 1572 564.
1238 1530 1347 1583 sylb.
1380 1542 1551 1584 quoque
1572 1526 1617 1566 id

179 1590 230 1631 ad
255 1604 368 1631 oram
399 1589 500 1630 libri
529 1590 596 1630 sui
628 1589 868 1629 annotavit.
896 1587 1071 1642 Hesyeh.
1102 1586 1189 1628 vid.
1219 1596 1262 1628 et
1276 1588 1435 1626 Luisin.
1466 1598 1552 1640 par.
1581 1584 1618 1635 Ι,

180 1646 246 1688 24.
277 1646 350 1686 ubi
375 1645 478 1686 hinc
496 1649 615 1686 locus
650 1646 859 1684 Theocriti
878 1645 1031 1699 (ldyll.
1062 1643 1133 1697 α.)
1165 1653 1209 1684 et
1244 1643 1420 1696 Virgilii
1438 1642 1616 1694 (Eclog.

179 1702 240 1757 5.)
271 1702 517 1744 declaratus.
578 1700 680 1743 Snn.

291 1760 358 1802 καὶ
385 1758 595 1815 βαῖριμος]
637 1757 685 1800 C.
717 1757 769 1800 A.
800 1756 915 1797 hunc
937 1769 1102 1797 versum
1126 1756 1186 1796 ita
1203 1754 1385 1810 incipit:
1414 1754 1484 1796 καῖ
1496 1747 1621 1806 βαῖρι-

177 1832 253 1875 μος
275 1819 344 1912 θὲς
364 1816 423 1856 ita
451 1826 494 1856 et
527 1815 576 1857 C.
609 1814 662 1856 V.
691 1814 775 1854 nisi
805 1812 918 1870 quod
948 1811 1116 1870 βόριμος
1134 1811 1273 1856 habet.
1307 1807 1622 1866 Hesychstu'ip-

208 1891 265 1916 Ονο
348 1885 483 1915 UEHN,

177 1892 205 1929 μ
292 1930 362 1972 καὶ
381 1923 586 1983 βώριμος]
619 1927 684 1966 Ita
716 1926 810 1968 MS.
839 1934 888 1965 ut
912 1934 953 1966 et
975 1924 1196 1981 sequentia
1223 1923 1503 1966 adnectamus.
1535 1920 1559 1964 ὅ
1580 1921 1622 1964 δὲ

182 1985 307 2041 ᾅδων,
333 1982 526 2037 ἱμαοιὸός.
560 1986 629 2026 καῖ
642 1980 810 2038 βόριμος
826 1984 869 2025 δὲ
889 1979 1195 2035 Μαριανδῦνων
1223 1997 1259 2036 y.
1280 1980 1320 2035 ᾇ.
1341 1978 1397 2021 Η.
1422 1978 1622 2031 Stephon.

182 2042 253 2082 hic
275 2040 498 2081 adnotavit
523 2039 751 2081 videndum
778 2040 1051 2081 Athenaeum.
1081 2036 1256 2081 Scilicet
1277 2036 1352 2076 lib.
1381 2034 1500 2075 XIV.
1530 2035 1623 2074 Va-

183 2098 296 2138 riant
323 2106 515 2136 auctores
543 2110 642 2136 vero
675 2095 720 2134 in
751 2096 897 2135 borimi
922 2095 1106 2135 nomine.
1143 2093 1349 2146 Nymphis
1374 2090 1485 2131 enim
1509 2089 1621 2144 apud

183 2155 338 2195 Athen.
380 2151 456 2192 lib.
483 2152 598 2193 XIV.
641 2150 770 2191 habet
805 2152 975 2207 βῶρκον.
1011 2150 1242 2204 Hesychius
1271 2148 1461 2201 Βῶρμον.
1491 2156 1541 2186 ut
1571 2160 1623 2186 ex

186 2211 282 2265 ipso
318 2208 377 2250 H.
419 2208 558 2261 Steph.
604 2207 676 2248 hic
708 2208 834 2247 etiam
867 2207 1047 2247 notavit.
1106 2207 1163 2245 Et
1194 2206 1305 2245 forte
1336 2205 1381 2243 in
1409 2203 1622 2243 Athenaeo

186 2280 356 2322 quoque
369 2265 535 2319 ῥ’ὥρμον
555 2263 837 2303 scribendum.
867 2277 960 2302 nam
982 2264 1026 2302 in
1050 2263 1254 2316 scriptura
1273 2259 1534 2316 quorundam
1557 2268 1623 2300 et-

187 2324 269 2363 iam
289 2323 334 2362 in
357 2323 447 2365 MS.
476 2341 505 2377 μ
534 2320 608 2375 pin
643 2321 729 2360 itur
749 2320 886 2359 simile
906 2333 1104 2373 perquam
1125 2318 1182 2372 τῷ
1197 2336 1221 2360 κ
1251 2326 1294 2358 et
1313 2315 1417 2356 novi
1446 2329 1636 2363 errores‚·

186 2380 261 2435 qui
278 2377 387 2422 ,inde
409 2379 500 2418 nati
519 2391 604 2433 apu
659 2375 964 2433 typographo&
993 2375 1105 2414 infra
1127 2375 1220 2415 MS.
1248 2375 1374 2415 etiam
1397 2386 1475 2426 pro
1492 2391 1525 2415 ω
1544 2372 1624 2412 ha-

186 2435 271 2478 bet.
298 2435 426 2477 Imm.

295 2494 366 2534 καὶ
383 2488 587 2549 βῶριμος]
626 2491 695 2535 καὶ
714 2488 871 2532 delevit
893 2488 1048 2530 Noster
1064 2487 1279 2528 Kueknius
1301 2484 1447 2527 addito
1466 2484 1509 2528 δὲ
1526 2494 1625 2540 post

181 2545 370 2613 βώριμρς.
