1670 2938
156 112 242 154 770
764 104 840 147 lv,
902 108 996 155 110.

161 234 282 277 quam
315 217 427 259 redit
458 216 503 257 in
540 216 773 269 theatrum,
816 215 1012 271 adeoque
1043 215 1156 257 cedit
1184 231 1208 258 e
1236 217 1394 259 medio.
1424 218 1470 258 in
1489 219 1617 259 vPace

159 277 386 328 Aristoph.
421 271 750 328 παραχωρήματα
771 283 870 312 sunt
888 274 1010 314 liberi
1038 277 1228 328 'l'rygaess
1260 275 1335 329 qui
1358 277 1525 317 Patrem
1550 275 1615 314 in·

160 336 401 387 terpellant‚
435 332 692 385 cogitantem
717 345 875 370 novum
900 331 983 370 iter
1002 345 1145 370 versus
1166 334 1343 375 coelum.
1383 332 1559 373 Kvmm.

271 397 318 442 τό
347 397 543 454 πρᾶγμα]
597 400 689 439 MS.
720 401 849 453 longe
881 398 1047 437 auctior
1076 398 1159 439 ita:
1193 397 1238 442 zo*
1264 397 1456 453 πρᾶγμα,
1487 399 1542 449 οἷς
1573 401 1617 442 ἐν

157 456 431 511 Ἀγαμέμνονι
448 454 675 510 Αἰσχύλου.
708 454 838 505 dices,
863 455 980 510 atqui
1011 455 1092 494 ista
1113 455 1157 494 in
1183 459 1357 511 vulgato
1376 465 1476 495 sunt
1502 456 1615 496 infra

158 528 286 570 segm.
314 528 398 569 seq.
430 523 473 553 at
493 512 554 552 ibi
575 513 620 553 in
643 512 739 555 MS.
769 511 904 560 aliter,
934 521 982 551 ut
1006 511 1102 552 dico
1130 511 1287 553 statim.
1344 512 1474 553 Iunc.

843 582 939 623 110.

270 649 471 702 ἐκαλεῖτο]
532 646 623 689 MS.
663 643 895 699 ὀνομάζεται
934 660 1013 701 pro
1050 649 1239 691 ἐκαλεῖτο.
1307 648 1528 689 Caeterum
1562 662 1614 688 ex

159 706 244 746 hoc
266 703 586 760 παραχορήγημα
612 703 714 743 hinc
738 705 888 756 probat
907 718 1026 742 suam
1051 703 1386 746 emendationem
1408 704 1453 742 in
1483 705 1614 743 Scho-

159 766 231 802 liis
251 763 432 803 vetustis
451 761 760 812 Aristophanis
783 759 833 798 ad
860 774 996 807 ranas,
1027 761 1103 800 ubi
1134 776 1324 801 ranarum
1346 760 1499 800 chorus
1517 769 1615 814 post

161 817 478 868 coaxationem,
513 818 677 870 λιμναῖα
707 817 863 872 κρηνῶν
889 818 1008 859 τέκνα
1037 832 1185 858 canere
1207 817 1377 871 incipit,
1407 825 1450 857 et
1474 813 1614 872 σχόλια

159 876 295 924 aiunt,
328 876 449 918 ταῦτα
471 877 512 918 ὁὲ
536 876 718 916 καλεῖται
736 870 1069 929 παρηγορήματα,
1101 874 1179 924 ibi,
1203 874 1390 928 inquam.
1421 873 1615 914 emendat

166 934 242 971 Od.
274 935 450 970 Bisetus
478 928 869 986 παραχορηγήμαῑα·
902 930 1032 984 idque
1067 931 1339 971 manifestum
1370 945 1457 971 esse
1480 931 1540 969 ait
1560 945 1613 970 ex

158 990 355 1027 Pollucis
375 988 458 1027 hoc
478 992 592 1027 loco.
625 988 686 1027 sic
718 986 770 1026 ad
794 984 955 1040 εἰρήνην
976 987 1019 1025 in
1044 988 1219 1025 Schoeiis
1239 987 1418 1027 vetustis
1444 1001 1531 1026 non
1553 987 1611 1025 ita

157 1048 286 1099 longe
321 1045 370 1083 ab
404 1044 533 1083 initio
572 1042 840 1083 scribendum
876 1042 1247 1099 παραχορηγήματα
1275 1043 1453 1095 videtur,
1483 1053 1532 1082 ut
1552 1052 1612 1083 et-

158 1102 240 1140 iam
265 1101 368 1140 novi
389 1099 589 1151 editores,
610 1097 751 1148 credo,
784 1103 973 1147 voluere,
988 1101 1181 1154 quamvis
1202 1099 1347 1139 excusi
1365 1117 1614 1154 παραχωρη-

155 1155 319 1213 7ήμαέα
358 1156 557 1197 habeant.
589 1170 684 1194 nam
714 1155 850 1195 editio
883 1158 1014 1198 Basil.
1049 1153 1386 1213 παραχωρήματα
1414 1156 1614 1197 mendose

157 1214 300 1257 habet.
358 1213 491 1254 IUNG.
1322 1215 1326 1220 ⁴
1352 1220 1356 1224 '

269 1281 514 1334 πεπρᾶχθαί
547 1297 651 1330 φασι
679 1279 791 1332 etc.]
831 1280 923 1321 MS.
954 1279 1028 1329 ita,
1059 1278 1298 1336 πεπρᾶχθαι
1326 1282 1432 1333 φασὶ
1453 1278 1556 1323 atita*
1573 1282 1615 1324 ἔν

160 1338 345 1390 Μέμνονι
368 1339 487 1390 Λίσχ.
547 1337 619 1377 Sic
640 1335 768 1374 habet
790 1336 884 1376 MS.
917 1336 1011 1387 hic,
1039 1352 1126 1377 non
1149 1341 1193 1379 ἐν
1209 1337 1494 1392 Ἀγαμέμνονι.
1526 1338 1614 1377 No-

156 1405 247 1434 tum
286 1403 425 1433 autem
463 1391 576 1432 inter
605 1392 805 1444 Aeschyli
839 1389 1027 1447 δράματα
1053 1404 1110 1433 et*
1131 1396 1332 1448 Μίμνονα
1364 1394 1613 1432 enumerari.

158 1465 266 1505 quae
286 1449 455 1504 quidem
482 1449 583 1488 olim
607 1449 750 1502 periit,
783 1463 860 1488 nec
880 1450 1074 1502 pervenit
1101 1449 1151 1488 ad
1173 1465 1249 1489 nos
1272 1464 1365 1489 cum
1391 1450 1486 1488 aliis
1510 1451 1611 1487 mul-

156 1508 225 1547 tis.
256 1507 369 1548 Alias
401 1506 451 1545 de
479 1501 837 1562 παραχορηγήματι
859 1515 901 1545 et
919 1508 1185 1562 παρασκηνίῳ
1207 1507 1332 1546 aliter
1349 1515 1492 1546 censet
1513 1506 1611 1545 Sca·

155 1563 323 1617 liger'I.
357 1563 476 1602 Poet.
509 1576 545 1618 9.
611 1563 740 1602 ΙυΝο.

267 1628 532 1684 Εὐμενίδων]
562 1630 651 1672 MS.
681 1626 936 1685 Εὐμενιδῶν.
993 1631 1128 1671 Imm.

270 1698 427 1751 αὐτῶν,
454 1698 526 1740 τοῦ
555 1695 763 1751 πλήθους]
807 1699 971 1738 Omissa
1001 1697 1282 1739 distinctione
1318 1699 1366 1740 C.
1396 1698 1448 1741 A.
1486 1695 1614 1743 αὕῑοῧ

155 1756 223 1800 τοῦ
247 1752 430 1806 πλήθους
459 1756 775 1805 ἕκπῑοηθέντος,
808 1770 901 1793 cnm
922 1756 983 1794 ad
997 1756 1164 1794 turbam
1193 1756 1311 1794 chon·
1331 1764 1495 1794 tantam
1516 1758 1615 1808 ipsa

157 1814 384 1852 multitudo
416 1820 700 1864 spectatorum
730 1821 1027 1864 expavesceret,
1056 1815 1144 1866 lege
1174 1813 1266 1850 lata
1286 1813 1403 1853 chori
1423 1813 1614 1852 diminu-

157 1878 226 1907 tus
267 1879 332 1909 est
368 1882 580 1908 numerus,
623 1867 670 1907 C.
713 1867 763 1907 V.
808 1871 1030 1911 συνέτειλεν
1072 1883 1146 1921 pro
1190 1869 1447 1911 συνέστειλεν.
1488 1872 1608 1908 male.

158 1925 381 1966 Caeterum
409 1925 583 1963 Scholia
616 1924 775 1963 Graeca
799 1924 842 1962 in
875 1926 1094 1977 Aristoph.
1128 1925 1308 1978 Equites
1330 1939 1368 1978 p.
1403 1924 1495 1967 225.
1529 1923 1611 1964 do-

156 1990 280 2025 cent,
316 1979 431 2033 quod
453 1979 607 2019 chorus
640 1979 839 2019 Comicus
869 1982 1064 2020 constitit
1092 1995 1146 2020 ex
1176 1980 1278 2019 viris
1301 1991 1342 2020 et
1364 1979 1609 2020 mulieribus

156 2045 198 2076 et
216 2036 360 2091 pueris
383 2036 542 2089 viginti
568 2046 765 2089 quatuor,
790 2047 838 2075 ut
863 2039 952 2091 ipse
965 2038 1274 2090 Aristophanes
1294 2037 1337 2075 in
1353 2036 1519 2076 Avibus
1534 2051 1609 2074 nu·

155 2092 357 2135 metavit.
391 2105 522 2131 mares
553 2092 718 2131 scilicet
745 2106 841 2132 aves
861 2092 1086 2132 duodecim
1104 2123 1114 2141 ‚
1146 2093 1413 2146 totidemque
1435 2092 1609 2131 foemel·

155 2152 216 2188 las
247 2150 291 2187 in
324 2147 456 2188 choro
481 2162 716 2187 recensenS.
776 2150 978 2203 Tragicos
1009 2161 1147 2188 autem
1182 2148 1336 2186 chorus
1366 2146 1609 2201 quindecim

154 2205 348 2259 personis
379 2203 700 2253 absolvebatur,
731 2214 778 2243 ut
807 2207 1037 2257 Aeschylus
1067 2205 1107 2243 in
1136 2206 1443 2256 Agamemnone
1465 2202 1606 2252 docet,

156 2261 411 2316 quandoque
442 2270 484 2299 et
516 2258 707 2314 ἠμιχόρια
744 2272 863 2300 erant
898 2277 950 2300 ex
978 2262 1080 2300 viris
1111 2260 1393 2315 foeminisque
1413 2258 1608 2311 conflata,

155 2319 199 2355 in
230 2317 372 2356 choris
408 2315 676 2361 huiusmodi,
707 2316 743 2355 si
775 2332 828 2356 ex
865 2317 967 2355 viris
999 2326 1240 2356 constarent
1269 2325 1312 2355 et
1342 2315 1606 2369 mulieribus,

154 2373 342 2412 virorum
383 2381 502 2412 erant
537 2371 762 2422 tredecim,
808 2374 1029 2412 mulierum
1063 2372 1288 2423 undecim,·
1325 2373 1391 2410 sin
1425 2385 1524 2411 vero
1554 2387 1607 2412 ex

153 2429 406 2468 mulieribus
444 2437 486 2468 et
516 2429 657 2480 pueris
694 2429 921 2480 compositi
952 2438 1111 2475 essent,
1154 2428 1350 2467 tredecim
1394 2427 1606 2480 mulieres,

151 2485 273 2538 pueri
295 2480 490 2524 undecim
514 2483 699 2527 aderaut.
731 2485 787 2522 ita
812 2485 848 2522 si
870 2500 921 2524 ex
941 2485 1112 2524 senibus
1133 2494 1174 2524 et
1196 2482 1419 2522 iuvenibus
1441 2493 1606 2523 consta-

151 2551 215 2579 ret
238 2541 403 2590 chorus,
426 2544 565 2593 plures
586 2550 704 2580 erant
723 2542 1178 2593 seuesqnamiuvenes.
1210 2538 1314 2578 haec
1335 2537 1606 2594 Scholiasta,

153 2611 260 2652 quae
281 2598 408 2637 etiam
433 2597 627 2638 laudavit
650 2597 695 2636 in
719 2598 835 2637 uotis
855 2597 944 2635 suis
960 2597 1163 2637 Valesius.
1215 2595 1390 2637 Komm-
