1670 2938
187 141 270 181 738
800 135 877 176 lv.
936 139 1007 181 89.

188 258 330 302 putem
348 251 484 288 verius
504 245 550 290 τὸ
572 244 716 299 λοκρδς
735 263 763 287 a
777 247 1116 300 praecedentibus
1145 252 1420 303 separandum
1438 266 1545 303 θεας
1573 254 1642 294 ita

193 317 242 347 ut
253 308 470 359 proprium
491 304 693 345 tubicinis·
714 318 860 343 nomen
878 305 998 344 cubet
1020 309 1068 345 in
1086 308 1244 350 menda.
1270 335 1277 341 -
1295 309 1423 350 IUNo.

302 358 547 414 ἐπισιάδην]
595 362 702 415 Leg.
730 357 939 411 ἐπιτᾶδην.
969 361 1056 402 vid.
1096 362 1208 403 infra
1239 365 1324 415 IV,
1354 365 1420 421 94.
1447 365 1640 407 Tubicen

195 429 335 460 autem
360 419 592 471 παραφέρει
618 414 831 470 ἐπιτάδην,
862 432 956 457 cum
977 420 1094 458 canit
1121 434 1228 460 sono
1253 421 1466 475 aequabili
1484 431 1526 462 et
1544 437 1641 476 pro-

195 477 344 525 ducto,
374 484 417 514 et
453 474 491 512 si
521 474 581 513 ita
611 473 838 524 cecinerit,
876 473 1023 532 inquit
1050 476 1230 526 Auctor,
1272 477 1398 519 tubae
1427 492 1557 518 sonus
1586 479 1639 520 ad

195 528 508 586 quinquaginta
537 530 781 583 penetrabit
811 530 971 582 stadia,·
1002 531 1349 584 quemadmodum
1373 535 1642 576 Hemolocrus

193 587 271 628 sub
292 588 563 639 Philopatore
578 586 709 632 fecit,
745 585 844 625 dum
869 585 970 635 duas
994 588 1119 626 simul
1139 583 1471 637 tubas'inflavit,
1503 592 1577 629 sed
1593 592 1643 630 id

180 644 300 700 forte
319 647 408 682 iam
441 645 662 696 vulgatum
687 643 990 696 obsoletumque
1019 643 1175 698 inquit.
1211 648 1388 700 legerem
1417 646 1530 688 enim
1560 662 1637 701 pro

191 700 366 750 Ἰσαῖος,
400 703 493 748 ἴσως
519 702 651 742 ἕωλον.
681 698 819 742 αὐλεῖν
848 697 1056 755 σάλπιγξιν
1088 700 1221 749 dixit,
1249 711 1299 741 ut
1331 703 1548 742 Lucianus
1565 713 1640 744 tu·-

191 758 286 796 bam
308 766 349 796 et
368 756 515 795 tibiam
539 757 751 799 συναυλεῖν
773 756 819 795 in
845 757 912 795 De
930 758 1079 795 Domo.
1109 757 1294 798 Salmas.
1324 757 1537 809 ἔπιστοῖδην
1562 774 1638 813 pu·

192 823 255 853 tat
280 827 436 853 nomen
467 826 557 852 esse
587 812 842 862 Tubicinis,
879 823 929 852 ut
967 827 1068 853 mox
1095 814 1373 858 Hemolocrue.
1413 814 1512 855 dein
1551 819 1635 871 leg.

192 873 290 920 ἴσως
308 873 445 911 ἕωλον.
503 870 690 910 Koma:

304 922 558 978 αὕλήσαντα]
608 920 845 974 α’ωλῆσαντα
872 924 990 978 prior
1020 923 1154 965 editio
1182 926 1285 970 Bas.
1323 940 1375 966 ex
1403 926 1637 980 sphalmate

192 982 520 1036 typographico,
550 980 665 1037 quod
686 981 869 1022 conexit
891 982 935 1020 in
958 995 1036 1021 suo
1058 981 1219 1023 Codice
1237 996 1405 1039 quoque
1422 985 1638 1024 Kuelzm'us

189 1040 363 1080 Noster.
992 1078 998 1086 x

878 1098 947 1139 89.

292 1149 463 1208 .”Αγλ.αἳ’ς
482 1150 522 1193 δὲ
539 1149 566 1201 η’
585 1148 911 1204 Μεγαλοκλὲους]
945 1150 1073 1205 Quod
1097 1150 1148 1190 ad
1173 1151 1247 1191 illa
1272 1151 1440 1204 attinet,
1472 1146 1638 1206 ’Λγλαῒς

190 1208 234 1253 δὲ
255 1208 282 1259 η’
299 1211 615 1264 Μεγαλοκλέους.
645 1208 757 1246 forte
777 1209 934 1246 rectius
966 1211 1153 1261 legamus
1189 1209 1462 1264 Μεγακλέους.
1493 1211 1636 1248 Aelia·

190 1281 271 1305 nus·
289 1267 325 1309 I.
353 1267 450 1307 Var.
484 1262 601 1305 Hist.
633 1262 698 1304 26.
727 1265 900 1318 γυναῖκα
938 1261 1071 1306 οἷκούω
1097 1267 1314 1313 catulam,
1351 1268 1552 1309 καὶτοῦτο
1573 1264 1636 1319 ἔρ-

190 1339 258 1376 γον
289 1322 394 1376 ἔχειν
434 1322 542 1376 ἅμα,
580 1322 648 1363 καῖ
675 1321 832 1374 τέχνην,
867 1318 1066 1374 ’Ast-offla
1100 1319 1250 1371 ὄνομα,
1281 1319 1350 1370 τήν
1375 1323 1637 1376 Μεγακλέους

189 1380 315 1422 παῖδα
342 1387 421 1419 etc.
451 1392 504 1418 ex
535 1376 770 1430 Posidippo.
828 1375 912 1416 Sed
943 1375 1054 1414 nihil
1077 1384 1214 1414 tamen
1239 1376 1508 1417 mutandum:
1538 1393 1633 1416 nam

189 1434 303 1487 apud
334 1435 489 1474 Athen.
519 1433 593 1475 lib.
625 1433 679 1472 X.
711 1431 876 1486 dipnos.
919 1432 1075 1486 pariter
1102 1446 1150 1470 ac
1180 1431 1292 1485 apud
1321 1434 1534 1471 Pollae-em
1560 1432 1633 1473 hic

189 1500 267 1532 est.
326 1489 516 1530 Emenda
544 1488 699 1528 vitium
727 1488 1107 1542 typographicum‚
1139 1497 1182 1528 et
1207 1488 1341 1527 scribe
1360 1488 1633 1544 ὑπιρεῤῥωμὲ·

189 1564 281 1595 νως,
309 1547 514 1585 ,Ηενοαόνὶ
548 1545 726 1584 historia
744 1554 785 1584 et
808 1559 860 1583 ex
880 1544 1122 1584 Amaranto
1146 1543 1259 1598 apud
1287 1545 1548 1585 Athenaeum
1570 1559 1632 1586 re-

189 1604 326 1642 fertur
350 1604 402 1644 X.
435 1602 627 1655 quamvis
658 1601 703 1639 in
735 1615 781 1640 ea
811 1603 988 1639 multum
1018 1598 1257 1652 discrepent
1281 1600 1364 1640 iste
1392 1611 1434 1640 et
1460 1601 1631 1653 Noster,

187 1659 254 1698 uti
274 1659 488 1699 eruditiss.
519 1657 695 1697 adnotat
726 1657 993 1696 Caoaabonas
1016 1655 1071 1695 X.
1101 1656 1256 1696 Athen.
1285 1656 1325 1698 5.
1383 1657 1511 1700 Iuno,

298 1725 596 1780 πληττομένου]
638 1724 745 1778 Leg.
776 1724 1088 1774 πληττομένους,
1121 1722 1220 1776 quia
1247 1721 1632 1769 obverberabantur

188 1797 308 1824 aures
333 1783 506 1834 spiritus
542 1780 859 1835 magnitudine,
899 1780 935 1819 si
973 1780 1046 1832 qui
1076 1779 1252 1832 propius
1280 1781 1554 1821 accessissent
1574 1780 1630 1821 ad

187 1849 283 1879 toto
295 1838 512 1878 inflantem
533 1847 702 1891 pectore
721 1836 879 1877 tubam.
937 1839 1120 1876 Kumm.

299 1894 584 1947 πληττομένου]
617 1892 915 1932 Coniecturam
934 1892 1083 1932 Nostri
1105 1892 1284 1930 Kuehnii
1305 1890 1525 1932 confirmat
1544 1891 1627 1933 Co-

187 1949 271 1990 dex
294 1950 635 2001 Falckenbargii,
658 1947 702 1986 in
725 1962 810 2001 quo
836 1950 962 1988 etiam
982 1948 1272 2000 πληττομένους
1305 1961 1382 2002 pro
1413 1948 1627 2003 πληττομέ-

184 2023 256 2050 νου
275 2006 438 2058 inveni,
469 2004 585 2059 quod
609 2007 780 2058 vulgato
802 2018 902 2045 sane
922 2012 1132 2057 praestare
1154 2003 1336 2044 videtur.

295 2062 585 2113 ἑπτακαίδεκα]
625 2060 870 2099 Athenaeus
898 2061 1042 2100 aliter:
1077 2061 1233 2112 ἐνίκησε
1264 2057 1334 2110 τήν
1359 2059 1546 2114 περίοδον
1563 2062 1625 2103 δε·

184 2116 313 2167 noim.
347 2117 422 2157 lib.
454 2118 509 2157 X.
549 2117 628 2158 fol.
655 2114 750 2156 415.
809 2117 982 2155 Festus:
1023 2117 1076 2154 ln
1101 2117 1304 2167 gymnicis
1329 2117 1625 2155 certaminibus

180 2174 412 2229 perihodon
430 2176 574 2212 vicisse
596 2173 762 2218 dicitur,
784 2175 857 2223 qai
876 2172 1046 2224 Pythia,
1068 2172 1259 2221 Isthmia,
1284 2171 1450 2220 Nemea,
1485 2171 1623 2223 Olym-

180 2234 257 2284 pia
275 2232 403 2269 vicit:
431 2243 460 2267 a
478 2230 662 2267 circuitu
683 2242 818 2264 eoram
840 2229 1185 2280 spectaculorum.
1244 2227 1322 2263 Est
1344 2226 1477 2281 igitur
1502 2229 1623 2279 (sunt

183 2287 288 2328 haec
319 2288 400 2326 iam
435 2284 613 2324 casaub.
644 2282 786 2331 verba)
815 2286 998 2336 περίοδον
1026 2283 1161 2336 νικᾷν,
1192 2280 1333 2321 orbem
1353 2281 1527 2334 implere
1547 2286 1622 2323 lu-

181 2342 331 2383 dorum
352 2354 587 2381 sacrorum:
621 2337 696 2393 qui
716 2339 760 2376 in
783 2339 961 2378 Graecia
980 2348 1099 2379 erant
1116 2347 1311 2392 quatuor.
1359 2337 1620 2379 Notissimus

180 2412 326 2439 versus
345 2407 429 2437 est:

164 2486 187 2505 ,-
344 2452 537 2507 τέσσαρές
566 2453 667 2494 εἰσιν
695 2448 845 2503 ἀγῶνες
873 2447 941 2492 αἴν’
965 2447 1157 2502 Ἐλλάδα,
1183 2448 1371 2503 τέσσαρες
1400 2449 1498 2503 ἱροί.

181 2510 281 2551 vide
304 2519 464 2549 caetera
489 2508 531 2546 in
552 2507 679 2548 anim.
711 2507 786 2545 fol.
817 2505 913 2547 446.
972 2509 1071 2548 sm.

289 2561 523 2619 περιόδους]
551 2563 635 2603 Per
661 2565 899 2614 στεᾳανίτας
931 2562 1089 2616 α’γῶνας
1118 2564 1348 2600 certamina
1376 2563 1614 2615 coronaria,

176 2622 430 2678 intelligitur
448 2616 648 2675 periodus
687 2632 898 2659 sacrorum
909 2651 921 2670 ,
959 2629 1006 2658 ut
1034 2627 1210 2672 vocant,
1239 2619 1534 2669 certaminum,
1566 2619 1623 2662 in,
