1670 2938
165 124 248 167 766
774 121 851 162 1V.
874 107 882 115 '
913 125 1008 167 106.

165 233 287 274 aliter
314 229 531 288 μεσόχορον
558 235 851 288 appellarunt,
902 234 1050 274 Latini
1083 235 1454 291 manuductorem,
1495 246 1544 280 ut
1575 238 1621 278 in

166 291 319 347 glossis
341 290 564 330 Philoxeni
580 291 683 345 legi,
713 290 994 331 manuductor
1022 291 1251 349 μεσόχορος.
1308 295 1440 338 hmo.

275 365 571 426 λαυροστοῖτης]
635 370 765 410 Forte
796 368 1119 424 δευτεροστάτης.
1179 373 1310 430 Srnn.

273 445 560 502 λαυροστοὶτης]
623 448 672 490 C.
710 449 762 490 V.
810 447 1066 501 λαιοστᾶτης,
1117 450 1230 506 quod
1265 451 1414 492 melius
1442 450 1619 508 quadra-t

164 509 353 561 vulgato,
385 505 456 560 qui
482 515 565 544 stat
587 519 607 544 a
643 505 818 545 sinistro
840 506 967 545 *chori
991 510 1144 547 laterex
1178 518 1323 547 contra
1348 509 1616 560 διξιοστάτης,

164 564 238 616 qui
261 563 305 601 in
329 562 491 601 dextro.
517 562 696 614 Hesych.
731 565 978 617 δεξιοτοῖχος.
1010 559 1254 619 toneat-virne
1275 578 1382 619 quae
1410 566 1535 606 tertia
1556 574 1619 606 est

162 621 207 659 in
231 619 352 659 chori
381 619 499 673 iugo.
559 621 742 659 KUEHN.

272 693 572 750 λαυροστοῖτης]
634 698 718 736 Pro
765 697 1034 754 λαυροστᾰτης
1063 699 1155 739 MS.
1203 697 1331 739 habet
1369 697 1615 751 λαιοστᾰτης,

161 754 276 796 deest
298 768 397 793 vero
418 751 684 809 τριτοστάτης.
707 754 945 806 λαιοστάτης
967 769 1062 794 vero
1082 754 1190 794 idem
1205 765 1313 795 esset
1333 756 1445 810 quod
1460 755 1614 814 ἄριστε.

159 809 369 866 ροστάτης.
420 811 545 850 Certe
573 814 785 864 vulgatum
809 810 1078 866 λαυροσιάιης
1100 825 1185 850 non
1208 814 1417 863 placuisse
1447 818 1500 855 H.
1527 815 1614 851 Ste-

157 870 296 921 plzano
316 876 447 920 patet,
485 864 600 920 quod
626 879 702 920 pro
726 883 774 907 eo
808 869 879 907 hic
906 870 949 906 in
971 868 1158 923 margine
1189 866 1402 920 adposuit,
1436 883 1488 908 an
1523 871 1615 912 δευ-

159 923 441 978 τεροστάτηςὲ“
459 922 600 973 credo,
632 924 730 977 quia
753 925 945 979 sequitur
963 922 1236 977 τριτοστάτης.
1268 933 1330 963 est
1351 934 1488 965 tamen
1519 928 1614 964 vul-

159 991 301 1037 gatum
321 977 589 1034 λαυροστὰται
615 980 821 1034 (quamvis
851 982 913 1019 ibi
936 982 992 1020 sit
1014 977 1322 1034 λαυροστάυται)
1351 981 1477 1020 etiam
1500 980 1612 1033 apud

158 1037 437 1090 Hesyclzium:
481 1034 554 1075 sed
591 1045 730 1074 tamen
771 1036 822 1077 de
851 1038 931 1076 alia
967 1052 1022 1078 re.
1063 1039 1202 1076 locum
1234 1045 1368 1076 totum
1400 1036 1612 1085 adscribo,

160 1093 362 1148 quoniam
388 1092 434 1130 in
462 1090 682 1131 Thesauro
718 1107 803 1132 non
838 1104 951 1133 recte
980 1092 1181 1133 videntur
1209 1093 1437 1146 accepisse:
1467 1098 1616 1145 λαυρο·

158 1149 338 1198 στάνται,
371 1153 409 1192 οἱ
428 1151 472 1192 ἐν
492 1151 576 1197 τοῖς
595 1148 732 1200 μέσοις
752 1153 857 1204 ζυγοῖ
876 1150 987 1199 ὄντες
1005 1153 1047 1192 ἐν
1070 1153 1154 1191 τισὶ
1180 1152 1396 1196 στενωποῖς
1425 1149 1482 1202 μή
1504 1158 1613 1192 0⁸⁰1>-

159 1206 358 1262 ρούμενοι.
383 1212 421 1249 οἱ
446 1206 488 1247 δὲ
505 1208 664 1260 χείρους
684 1206 802 1258 μέσοι
823 1212 1020 1248 ἵστανται.
1052 1211 1089 1247 οἱ
1111 1209 1154 1248 δὲ
1175 1206 1472 1259 ἐπιτεταγμένοι
1498 1209 1612 1258 προῖ-

157 1281 220 1306 τοι
235 1264 303 1305 καὶ
323 1261 496 1318 ἔσχατοι.
557 1261 603 1301 Si
626 1261 770 1314 itaque
789 1271 902 1301 recte
920 1265 1060 1301 locum
1084 1262 1296 1315 intelligo,
1322 1271 1437 1302 totus
1457 1261 1509 1303 de
1526 1276 1612 1302 una

159 1335 202 1360 re
220 1329 302 1360 est:
333 1333 411 1358 nec
431 1318 511 1367 ait,
543 1327 592 1356 ut
611 1327 788 1370 putant,
817 1318 1069 1370 Hesychius,
1100 1317 1302 1372 quosdam
1329 1317 1440 1357 hanc
1465 1331 1611 1359 vocem

159 1390 370 1428 exponere
388 1375 713 1428 ἕπιτεταγμεὸιους
743 1384 822 1414 etc.
881 1376 1017 1413 Totus
1058 1384 1122 1413 est
1154 1373 1205 1413 de
1238 1387 1282 1412 re
1313 1373 1511 1421 militari,
1541 1374 1611 1412 in-

158 1446 295 1485 quam,
325 1440 366 1471 et
393 1431 608 1470 locatione
640 1429 835 1468 ordinum
865 1430 909 1467 in
945 1430 1058 1469 acie:
1097 1439 1140 1468 et
1169 1428 1341 1483 quidem
1370 1431 1610 1472 Homerica.

158 1488 375 1543 Quaenam
401 1485 506 1526 ina?
541 1486 657 1526 Audi
685 1484 754 1529 Ἰλ.
777 1489 813 1528 δ.
849 1488 1061 1525 Nestorem
1086 1485 1399 1538 disponentem,

323 1565 481 1617 ἱππῆας
509 1566 584 1618 μὲν
614 1565 753 1620 nonita
783 1561 856 1607 σύν
875 1570 1089 1612 ἵπποισιν,
1121 1565 1190 1607 καὶ
1215 1564 1367 1619 ὄχεσφι

319 1620 460 1674 πεζούς
492 1621 526 1664 δ’
554 1619 745 1673 ἐξόπιθεν
772 1621 916 1673 στῆσεν
948 1622 1092 1670 πολέας
1120 1638 1162 1664 τε
1193 1624 1261 1663 καὶ
1289 1617 1479 1670 ἔσθλοῦς,

325 1684 440 1734 ἕρκος
468 1680 562 1733 ἐζιιεν
591 1680 792 1731 πολέμοιο.
837 1678 985 1726 κακούς
1013 1675 1046 1720 δ’
1073 1680 1113 1726 ἐς
1140 1679 1290 1731 μέσσον
1317 1676 1498 1730 ἔλασσεν,

322 1737 430 1792 ὄφρα
467 1739 536 1779 καὶ
573 1738 645 1778 οὐκ
672 1737 825 1778 ἐθέλων
860 1753 920 1784 τις
948 1734 1144 1793 ἀναγκαίῃ
1175 1736 1376 1791 πολεμίζῃ.

153 1825 423 1884 λαυροστάται
459 1826 604 1878 itaque
645 1824 757 1878 apud
788 1825 1041 1875 I-Iesyclzizcm
1067 1823 1316 1878 legendum:
1359 1833 1401 1864 et
1429 1824 1610 1879 exponit

152 1885 250 1939 iuga
275 1885 485 1930 militum,
517 1884 587 1921 vel
622 1882 692 1934 (si
717 1882 834 1920 malis
861 1881 1022 1934 ζυγοῖς)
1052 1882 1209 1920 milites
1243 1881 1287 1918 in
1324 1879 1461 1920 medio
1496 1881 1608 1935 iugis

153 1938 527 1987 consistentes,'in
554 1936 805 1990 quibusdam
839 1938 960 1992 quasi
992 1938 1200 1991 angustiis
1231 1946 1272 1977 et
1306 1937 1400 1976 viae
1433 1933 1608 1977 diverti-

151 1996 258 2036 culis
292 1996 477 2047 (λαῧραν
509 1994 621 2033 enim
659 1994 829 2047 quidam
868 1991 1095 2043 στενωπούς
1125 2002 1348 2045 exponunt
1374 1992 1606 2032 secundum

150 2051 329 2092 eundem
359 2050 570 2102 Hesyclz.)
602 2049 676 2088 ubi
713 2064 798 2088 non
828 2049 1065 2090 videantur.
1124 2050 1298 2088 Scilicet
1323 2049 1488 2102 peiores
1522 2062 1606 2087 me·-

151 2107 247 2147 dios
274 2106 537 2146 constitisse:
566 2106 749 2158 optimos
780 2120 879 2145 vero
911 2116 952 2145 et
982 2105 1101 2160 quasi
1120 2105 1288 2144 triarios
1310 2115 1407 2143 ante
1436 2114 1478 2144 et
1505 2113 1604 2157 post

149 2167 406 2210 collocatos,
448 2161 606 2216 primos
641 2171 683 2200 et
705 2172 931 2201 extremos.
990 2163 1106 2200 Haec
1138 2160 1187 2199 ad
1216 2162 1483 2212 Ile-ryohiam.
1543 2161 1603 2199 Ut

148 2235 250 2260 vero
292 2217 400 2258 illud
435 2215 709 2271 λαυροστοὲτης
739 2217 863 2256 etiam
897 2218 948 2256 ad
980 2217 1130 2257 choros
1160 2216 1378 2255 transferri
1410 2215 1602 2266 potuisse

147 2290 235 2316 non
258 2289 389 2331 nego:
423 2275 483 2314 ita
505 2283 641 2313 tamen
664 2273 707 2311 in
729 2273 895 2312 Polluce
914 2270 1165 2322 λαιοστοῖτης,
1193 2271 1306 2324 quod
1331 2272 1372 2309 in
1395 2272 1491 2315 MS.
1523 2281 1599 2318 est,

146 2333 291 2372 nescio
314 2330 528 2388 quomodo
550 2330 682 2385 magis
718 2329 911 2368 arrideat.
971 2329 1266 2368 Adscribamus
1297 2337 1432 2366 tamen
1455 2337 1496 2367 et
1515 2330 1599 2368 lul.

144 2389 305 2440 Scalig.
333 2389 369 2429 I.
395 2387 515 2429 Poet.
551 2400 588 2443 9.
628 2385 775 2425 verba:
809 2385 895 2439 Qui
917 2385 967 2424 ad
994 2386 1180 2424 dextram
1214 2382 1282 2437 (de
1305 2382 1435 2421 choro
1460 2384 1600 2437 loqui·

146 2443 241 2498 tur)
274 2447 574 2493 collocaretur,
605 2437 881 2492 δεξιοστιῖιης·
926 2456 946 2480 a
978 2444 1116 2491 laeva,
1148 2437 1504 2493 ἄρισιεροσιιένης·
1546 2439 1597 2478 ab

143 2502 296 2551 latere,
324 2497 622 2552 λὰυροστᾶτης·
673 2499 747 2552 qui
777 2508 874 2552 post
902 2497 1041 2548 hunc,
1073 2494 1343 2550 rpczocrzcitnc.
1403 2497 1598 2536 Fortasse

143 2554 453 2611 λαυρόγραμμος
481 2556 625 2601 eadem
658 2555 824 2594 ratione
854 2569 899 2593 ea
930 2555 999 2603 sit,
1030 2568 1152 2609 quam
1182 2553 1374 2592 Galenus
1406 2553 1449 2595 ἐν
1480 2554 1596 2607 ἔγκα-

142 2610 375 2668 ςιογράμμῳ
399 2615 614 2653 lateralem
638 2609 768 2665 σιμόν.
793 2615 797 2618 ’
829 2611 956 2651 Imm.
983 2653 986 2660 ,
