1670 2938
169 77 254 119 930
802 72 853 113 V.
911 77 978 116 39.

174 188 462 228 Molossorum
485 183 668 238 origine,
701 183 770 222 cui
793 183 1072 236 explicationi
1091 185 1205 225 favet
1238 185 1287 226 C.
1318 187 1368 228 V.
1398 188 1473 241 qui
1497 201 1623 242 segm.

173 240 364 296 praeced.
394 238 487 287 τούς
516 241 587 293 μὲν
614 237 767 289 Ἰνδούς
802 240 920 294 legit,
955 240 1025 280 cui
1054 240 1322 296 respondent,
1350 242 1421 292 τοῖς
1449 245 1491 286 δὲ
1513 249 1626 286 Xan-

174 301 285 347 νίδας
314 306 394 337 etc.
453 295 626 338 KUssnN.

284 359 511 416 ἀπογόνους
534 363 666 417 φασῖ]
719 358 834 416 α’πογ.
867 363 970 405 εἶναι
989 364 1106 416 qumi,
1137 363 1255 413 κυνός
1285 375 1362 405 etc.
1393 367 1487 408 MS.
1519 366 1626 406 bene

175 419 311 463 valde.
341 420 425 459 hoc
446 420 558 460 enim
583 419 658 469 ait,
692 420 1034 472 quemadmodum
1056 428 1094 457 et
1119 421 1355 460 Chaonidas
1370 431 1408 461 et
1427 424 1627 461 Molotti-

176 479 253 518 das
270 474 492 529 ἀπογόνους
512 473 643 530 (sicut
659 472 812 524 Ἰνδούς
834 476 946 514 dixit
964 473 1185 529 ἀπογόνους
1209 491 1354 516 canum
1381 478 1628 532 Actaeonis)

176 534 238 575 ait
263 532 478 573 Nicander
498 545 586 571 esse
612 532 728 571 canis
756 534 958 571 Vulcanii
977 543 1054 574 etc.
1113 533 1214 571 Fuit
1233 534 1342 573 enim
1362 533 1434 573 hic
1451 537 1630 574 Nican-

177 591 249 630 der
279 590 353 629 ille
381 590 535 637 Poeta,
565 587 684 626 cuius
717 586 934 642 hodieque
977 597 1124 628 extant
1156 588 1340 643 Θηριακοῖ
1367 591 1436 634 καὶ
1461 590 1630 642 Ἀλεξι-

176 645 381 700 φοέρμακα.
415 644 490 699 qui
513 654 555 683 et
575 642 679 686 ἄλλα
708 645 1042 693 πλεῖστα-ἒπικῶς
1071 645 1256 698 scripsit,
1287 646 1352 685 uti
1375 647 1532 687 Suidas
1561 661 1630 685 re-

177 704 284 743 fert:
319 701 395 755 qui
426 710 644 740 enumerat
664 710 706 739 et
736 702 1024 755 ἑταιρουμὲνων
1042 704 1181 754 βιβλία
1199 703 1326 744 πέντε.
1385 703 1468 744 Sed
1487 718 1630 743 emen-

179 757 366 798 dandum
389 758 707 813 ἑτεροιουμένων,
739 757 804 795 uti
820 759 1066 796 Athenaeus
1084 766 1123 795 et
1140 759 1215 797 alii
1234 759 1462 812 aliquoties
1483 760 1631 807 citant,

179 825 222 855 et
247 814 512 853 casaubonus
533 812 584 852 ad
605 827 697 854 eum
722 812 860 864 docet,
896 813 941 852 id
966 828 1072 867 opus
1093 814 1430 864 Metamorphosi
1455 815 1631 853 Ouidia-

179 885 260 911 nae
279 870 417 911 simile
440 870 584 911 fuisse.
654 870 722 908 Ex
745 869 837 908 istIs
860 870 1057 909 nimirum
1083 873 1385 926 ἑτεροιουμένοις
1413 871 1519 910 mihi
1551 885 1633 910 ve·-

179 926 356 969 risimile
380 935 444 966 est
465 935 507 966 et
529 925 633 965 haec
655 941 677 965 a
698 927 868 965 Polluce
892 926 1061 968 adferri.
1120 928 1231 967 Ecce
1256 927 1369 967 enim
1392 926 1463 967 hic
1490 928 1632 966 statim

179 982 309 1023 habes
344 982 713 1035 Metamorphosin
754 983 870 1022 canis
902 993 944 1022 et
979 985 1118 1036 vulpis
1158 986 1216 1032 εἰς
1247 985 1408 1034 λίθους.
1475 983 1533 1022 Et
1561 983 1633 1022 hic

180 1038 381 1079 nimirum
403 1047 465 1077 est
488 1038 576 1087 ille,
609 1037 660 1078 de
682 1052 766 1092 quo
788 1041 946 1078 Pollux
969 1054 1070 1080 mox
1093 1054 1221 1096 segm.
1245 1040 1311 1082 40.
1342 1039 1366 1084 o‘
1382 1037 1502 1091 αὐτός
1519 1038 1634 1089 οὗτος

180 1089 362 1146 ποιητής.
395 1094 457 1134 sic
478 1107 556 1148 ego
577 1093 745 1148 quidem
773 1104 895 1148 puto.
953 1097 1089 1137 Iunc.

295 1162 424 1218 φασὶ]
472 1162 597 1202 MSS.
628 1163 746 1214 φησί.
779 1163 831 1202 Α.
861 1163 1095 1215 praemittit
1121 1164 1239 1207 εἶναι.
1300 1165 1396 1207 8ΕΒ.

295 1233 339 1273 ἐκ
355 1229 502 1285 χαλκοῦ
520 1229 551 1259 ³*
571 1229 809 1281 Μονησίου]
862 1230 1128 1283 Rhodiginus
1157 1233 1336 1285 Inter-pr.
1369 1246 1465 1272 aere
1488 1233 1636 1271 Mne-

181 1290 258 1328 sio.
295 1287 373 1327 lib.
405 1285 549 1325 XVII.
606 1301 642 1327 c.
673 1285 739 1326 28.
777 1285 850 1324 ubi
878 1289 1079 1340 pleraque
1115 1301 1168 1326 ex
1197 1287 1280 1328 hoc
1320 1289 1471 1342 capite.
1507 1291 1632 1330 MSS.

182 1341 307 1384 codd.
339 1342 500 1381 habent
518 1344 789 1397 Λημονησίου,
813 1341 928 1395 quod
950 1357 972 1382 a
993 1339 1244 1397 Λημόνησος,
1278 1358 1385 1398 quae
1407 1347 1499 1400 περὶ
1517 1350 1636 1387 Xan—

181 1395 490 1453 κηδᾶνανῆσος,
522 1408 571 1438 ut
600 1398 730 1437 tradit
755 1400 893 1450 Steph.
923 1398 1036 1452 apud
1061 1399 1184 1453 quem
1207 1400 1305 1440 vide
1327 1410 1500 1441 caetera.
1531 1403 1634 1439 Leo-

181 1456 362 1510 pardus,
394 1454 556 1506 nescio,
586 1454 743 1509 inquit,
779 1469 831 1494 au
859 1453 1086 1509 legendum
1116 1456 1172 1495 sit
1204 1470 1282 1510 pro
1313 1457 1458 1511 χαλκοῦ
1484 1463 1636 1508 Mom-

181 1515 294 1562 σίου,
333 1510 485 1568 χαλκοῦ
512 1514 824 1563 Μοσσυνοίκου,
871 1511 985 1566 quod
1015 1510 1211 1552 laudatur
1244 1512 1295 1552 ab
1333 1515 1560 1553 Aristotele
1589 1513 1636 1552 in

183 1567 459 1619 admirandis,
491 1567 670 1612 Emend.
702 1568 802 1617 VII,
835 1567 899 1609 24.
959 1566 1062 1609 SEB.

294 1634 573 1688 ἱιἐΜοινησίου]
638 1635 788 1675 Nostri
828 1635 977 1675 MSSti
1022 1636 1147 1675 etiam
1185 1637 1455 1688 Λημονησίου.
1510 1637 1636 1682 forte,

182 1693 332 1749 χαλκοῦ
364 1691 415 1742 δή
443 1693 702 1741 Μυονησίου,
734 1691 852 1746 quasi
888 1692 1097 1730 Nicandri
1124 1701 1310 1746 tempore
1336 1696 1401 1733 vel
1421 1692 1637 1747 antiquio·

184 1750 303 1791 ribus
323 1749 468 1788 nobile
491 1747 622 1787 fuerit
645 1762 712 1788 aes
732 1748 894 1787 insulae
913 1748 1155 1800 Myonnesi.
1215 1749 1373 1788 Verum
1402 1749 1512 1788 enim
1538 1763 1636 1790 vero
1668 1793 1670 1796 Α

185 1808 427 1857 Μυρνησίου
456 1805 539 1843 iam
569 1803 792 1857 legendum
825 1818 991 1851 censeo,
1020 1819 1192 1855 memor,
1226 1804 1467 1857 Myonenses
1506 1809 1637 1844 multa
1667 1835 1670 1856 :

185 1877 239 1903 ex
272 1875 365 1902 aere
396 1860 548 1900 affabre
580 1861 692 1899 facta
722 1859 898 1898 donaria
932 1875 1196 1901 consecrasse
1225 1862 1318 1900 Iovi
1354 1861 1563 1915 Olympio,
1595 1871 1639 1901 et
1665 1871 1670 1918 j

185 1917 417 1960 secundum
443 1919 711 1955 Pausaniam
741 1915 955 1956 habitasse
983 1917 1080 1955 illos
1113 1917 1223 1956 inter
1251 1915 1504 1966 Locrenses,
1537 1919 1639 1956 iuo-
1663 1924 1670 1962 ὲ

184 1988 277 2014 rum
308 1973 442 2028 igitur
478 1971 583 2012 aeris
617 1972 716 2014 olim
740 1972 898 2011 nobilis
922 1972 993 2012 hic
1014 1987 1183 2027 quoque
1207 1974 1318 2012 facta
1348 1973 1520 2014 mentio.
1551 1973 1638 2013 vid.
1667 1964 1670 1972 Ι

186 2030 375 2071 Pausan¹
406 2027 501 2067 libr.
525 2027 597 2067 VI.
625 2042 720 2082 pag.
741 2026 834 2079 578,
865 2030 1045 2071 Salmas.
1075 2030 1203 2069 MSS.
1237 2032 1514 2083 Λημονησίου.
1558 2032 1639 2068 Τα-

186 2087 254 2126 Ius
274 2085 415 2125 dictus
435 2093 498 2124 est
517 2083 590 2124 ille
627 2084 742 2124 canis
774 2085 972 2132 Vulcani,
1005 2093 1053 2124 ut
1073 2085 1134 2123 ait
1163 2085 1369 2125 Valesius.
1426 2086 1608 2124 Kumm.

299 2163 570 2215 ἰῙιῖονησιόυ]
623 2163 788 2202 Locum
821 2163 1020 2203 asterisco
1056 2172 1282 2214 notarunt,
1321 2162 1435 2202 haud
1465 2163 1658 2212 iniuria.⁴

187 2220 263 2260 ubi
283 2219 396 2260 enim
416 2219 490 2259 ille
509 2215 716 2269 Μονήσιος
733 2218 880 2274 χαλκός
902 2219 1178 2273 quaerendus,
1215 2234 1301 2258 non
1323 2221 1462 2258 minus
1483 2187 1670 2258 Oranu-¹³

187 2280 274 2317 lum
305 2276 498 2329 Pythium
530 2273 769 2315 adeundum
798 2275 952 2323 fuerit,
983 2289 1106 2328 quam
1136 2285 1308 2328 propter
1347 2275 1501 2314 Orestis
1531 2289 1636 2315 ossa.
1655 2295 1661 2320 .‘

190 2332 445 2375 Succurrere
470 2330 639 2386 quidem
664 2330 802 2371 obiter
823 2340 957 2371 tentat
976 2331 1217 2385 Leopardus
1237 2331 1334 2371 VII.
1365 2331 1541 2372 Emend.
1571 2326 1656 2372 24ss

189 2398 233 2428 et
262 2387 401 2428 nescit
431 2401 485 2426 an
519 2386 742 2442 legendum
777 2388 833 2426 sit
863 2392 1015 2440 χαλκοῦ
1039 2389 1358 2438 ·Μοσσυνοι’κου,
1394 2389 1528 2440 quod,
1563 2387 1636 2438 ait,

188 2443 393 2482 laudatur
412 2444 465 2482 ab
495 2445 720 2483 Aristotele
744 2444 792 2481 de
813 2444 1089 2483 admirandis.
1139 2444 1323 2482 Frustra.
1380 2444 1532 2483 Verum
1563 2457 1659 2481 no··

188 2508 274 2538 ster
304 2500 399 2541 MS.
436 2513 534 2541 vere
562 2508 605 2538 et
635 2514 759 2554 supra
791 2499 1030 2548 oraculum,
1059 2498 1108 2541 ου’
1135 2499 1256 2549 λοξῶς
1279 2499 1473 2551 profatur
1499 2503 1654 2539 veram'

186 2555 428 2596 lectionem.
488 2556 556 2596 Ita
579 2555 693 2596 enim
712 2554 862 2598 habet:
891 2561 1043 2611 χαλκοῦ
1063 2556 1337 2610 Δημονησιόυ.
1370 2555 1452 2596 hoc
1478 2565 1539 2597 est
1570 2553 1670 2613 aen}

1656 2622 1670 2665 ’ἐ
