1670 2938
201 67 284 109 430
829 64 887 107 11.
945 70 1039 111 207.

203 174 355 217 veniri.
415 174 600 216 Atticum
643 183 781 217 tamen
831 177 1041 219 feminino
1074 179 1153 220 uti.
1204 182 1290 226 vid.
1329 182 1562 236 Phrynich.
1602 193 1646 224 et

202 233 434 286 Etymolog.
493 232 624 271 Immo.
1398 282 1401 285 .

314 290 469 342 λάρυγξ.
509 289 697 343 λαρυγγ.]
759 288 807 331 C.
838 289 888 332 V.
937 288 1056 331 addit
1082 294 1150 335 καῖ
1180 292 1455 349 φαρύγετρον,
1490 300 1645 351 λαρυγ-

202 347 322 401 γίζειν
349 348 382 387 δ.
412 361 458 386 ει.
483 349 532 387 Δ.
557 344 656 399 ὅπερ
678 350 718 388 οἱ
739 348 914 389 παλαιοί.
946 346 993 386 C.
1022 349 1073 388 A.
1130 349 1304 392 liuntur.

315 399 473 456 λάρυγξ.
503 402 687 456 λαρυγγ.]
744 402 923 442 Auctius
954 404 1046 445 MS.
1093 402 1239 461 λα’ρυγξ
1269 410 1339 450 καὶ
1372 403 1643 465 φαρύγεθρον.

203 456 284 498 Sed
310 455 653 511 distinguendum
679 457 849 498 videtur
866 456 1023 514 λα’ρυγξ,
1049 463 1114 504 καὶ
1135 479 1227 517 φαρ.
1268 463 1441 504 Scilicet
1458 462 1644 520 φάρυγγα

202 525 246 555 et
275 513 535 567 φαρύγεθρον
582 512 796 566 adpellari.
837 514 922 556 vid.
953 530 1078 570 supra
1110 518 1171 568 11,
1205 531 1270 574 99.
1335 520 1645 575 Interpretatur

201 570 306 609 haec
328 571 453 610 verba
474 568 525 608 de
544 568 775 625 pbarynge,
807 579 855 609 ut
876 580 918 612 et
938 586 1043 627 quae
1062 587 1159 614 mox
1178 573 1229 616 de
1245 575 1463 616 stomacho
1488 578 1642 620 Calca-

199 628 359 681 gninus
376 626 452 666 IV.
482 625 603 679 epist.
640 640 674 667 ι.
704 626 780 665 ubi
806 627 977 680 copiose
1007 627 1058 668 de
1088 628 1304 671 stomacho
1334 642 1378 672 et
1403 632 1642 688 oesophago

201 683 406 736 disputat,
440 691 483 721 et
502 680 616 737 quod
638 682 756 735 apud
770 684 992 735 Pollucem,
1018 700 1143 740 quum
1173 686 1313 742 (verba
1335 698 1435 728 sunt
1456 687 1566 744 eius)
1594 703 1643 727 ex

197 738 382 792 professo
402 752 543 777 earum
562 742 750 790 partium
771 753 888 778 voces
910 752 1199 795 prosequatur,
1226 753 1447 783 succurrat
1466 760 1517 783 ne
1545 759 1644 784 ver-

201 796 297 835 bum
328 796 491 848 quidem
523 794 572 832 de
600 796 822 849 oesophago
847 794 1026 850 factum
1054 799 1125 838 lib.
1153 800 1216 840 ΙΙ.
1247 805 1319 843 τοῦ
1336 799 1642 855 Ὀνομαστικοῦ.

201 853 390 905 citatque
416 850 541 891 binos
566 851 649 891 iam
679 850 815 891 dictos
836 855 969 904 locos,
998 867 1104 908 quoa
1125 854 1438 910 interpretatur.
1486 857 1642 898 Verum

201 908 346 947 nescio
369 921 512 946 annon
540 917 662 954 erret,
693 910 799 948 male
826 908 1017 961 inspecto
1039 911 1230 960 Polluce,
1268 911 1343 967 qui
1362 913 1556 968 profecto
1578 914 1641 964 II,

201 975 297 1007 202,
328 963 389 1001 ait
411 962 463 1002 de
481 962 720 1003 stomacho:
751 961 988 1018 ὀνομάζεται
1005 966 1047 1008 δὲ
1069 971 1139 1009 καῖ
1164 966 1394 1024 οἰσοφάγος.
1449 970 1495 1009 Si
1529 972 1642 1010 enim

199 1019 284 1059 hoc
305 1017 484 1059 vidisset
506 1019 686 1069 Caelius,
716 1029 765 1058 ut
795 1034 894 1060 suae
929 1023 1179 1073 sententiae,
1210 1039 1333 1080 quam
1367 1035 1513 1065 contra
1543 1029 1643 1065 Me-

201 1075 408 1115 nandrum
435 1074 498 1114 ibi
523 1084 788 1131 propugnat,
821 1078 1017 1128 (scilicet
1053 1080 1270 1136 οἰσοφάγον
1296 1083 1363 1120 νεῖ
1384 1083 1643 1122 stomachum

200 1147 293 1182 esse⁴
306 1133 371 1171 vel
387 1132 593 1170 stomachi
608 1134 854 1183 superiorem
880 1137 1239 1189 augustioremque
1254 1146 1417 1190 partem
1431 1145 1534 1191 etc.)
1566 1138 1643 1178 ad-

200 1187 529 1236 commodatum,
577 1187 750 1228 minime
786 1188 1012 1230 omisisset.
1082 1191 1277 1232 Ceterum
1317 1197 1410 1247 περὶ
1448 1193 1642 1251 λάρυγγος

200 1245 316 1284 Foes.
339 1243 500 1284 Oecon.
521 1243 724 1295 flippocr.
755 1244 800 1282 in
822 1242 1024 1300 λάρυγγος,
1047 1244 1151 1287 haec
1171 1249 1348 1289 Pollucis
1374 1250 1532 1292 laudat.
1552 1251 1639 1295 vid.

198 1310 243 1341 et
266 1302 450 1340 Nunnes.
481 1298 535 1338 ad
568 1299 642 1339 lib.
671 1300 707 1339 I.
744 1300 966 1354 Phrynich.
998 1302 1042 1341 in
1071 1303 1241 1359 φάρυγξ.
1297 1307 1426 1346 Imm.

311 1364 467 1422 λάρυγξ.
488 1367 681 1423 λαρυγγ.]
711 1367 891 1408 Auctius
910 1371 1264 1426 Falckenburgius
1281 1382 1450 1417 nosterz
1479 1371 1639 1431 λάρυγξ,

199 1423 270 1468 καὶ
298 1421 572 1478 φαρύγεθρον,
603 1430 764 1479 λαρυγγ.

310 1490 588 1545 λαρυγγίζειν]
636 1492 709 1531 De
733 1494 985 1548 φαρυγγῖζειν
1009 1503 1052 1534 et
1075 1496 1319 1551 λαρυγγίζειν
1342 1496 1429 1538 vid.
1450 1507 1493 1537 et
1523 1500 1642 1539 Nun.

198 1563 278 1591 nes.
307 1547 413 1588 Not.
432 1545 485 1586 ad
500 1548 737 1587 Herodiani
755 1549 1034 1604 fragmentum
1056 1551 1101 1590 in
1122 1551 1191 1594 τόν
1209 1553 1398 1610 λάρυγγα.
1455 1555 1585 1596 Iuno.

309 1614 584 1671 λαρυγγίζειν]
631 1617 682 1655 In
710 1629 782 1656 ora
803 1617 978 1658 Codicis
998 1618 1066 1658 sui
1088 1633 1141 1660 ex
1160 1621 1287 1662 Msto
1307 1620 1427 1663 addit
1441 1623 1641 1663 Falcken-

197 1673 384 1727 burgius,
415 1674 656 1727 φαλυρίζειν.

308 1738 601 1793 Δημοσθένης]
651 1739 939 1781 Demosthenis
962 1745 1080 1784 locus
1105 1753 1169 1785 est
1197 1745 1242 1785 in
1269 1759 1317 1787 ea
1335 1744 1437 1800 ιῖπὲρ
1458 1753 1639 1801 Κτησιφ.

196 1799 326 1852 paulo
356 1796 530 1851 longius
562 1809 585 1835 a
619 1794 702 1837 fine
733 1795 785 1836 de
816 1800 1050 1840 Aeschine.-
1094 1799 1181 1844 ἄλλ’
1207 1800 1360 1856 ἐπάρας
1388 1801 1459 1854 τήν
1485 1804 1638 1858 φωνήν,

195 1857 266 1896 καῖ
282 1853 480 1908 γεγηθώς,
507 1852 576 1894 καὶ
597 1855 846 1909 λαρυγγίζων,
878 1865 956 1896 etc.
987 1857 1143 1898 citatus
1173 1867 1214 1899 et
1233 1858 1283 1899 ab
1307 1861 1640 1913 Harpocratione

197 1910 245 1949 in
269 1910 524 1966 λαρυγγίζειν.
579 1907 709 1950 ῙυΝσ.

306 1972 591 2030 παλαιότεροι]
638 1978 685 2017 Ρ.
716 1980 893 2022 παλαιοί.
952 1982 1048 2021 ΒΕΒ.

305 2029 460 2083 ἔξωθεν
478 2035 572 2088 rto-J
616 2033 710 2078 MS.
738 2035 811 2086 ἔξω
830 2051 899 2092 πρ.
925 2055 965 2080 α.
991 2039 1082 2092 περὶ
1100 2035 1178 2080 τόν.
1236 2037 1365 2078 Imm.

304 2097 558 2155 γαργαρεαῖν]
610 2101 702 2143 MS.
731 2104 962 2160 γαργαρὲων
989 2109 1059 2148 καὶ
1085 2102 1291 2159 πρόλογος.
1323 2104 1438 2159 quod
1468 2116 1638 2161 postre-

195 2170 309 2197 mum
328 2170 382 2197 ne
401 2155 609 2209 fastidias,
627 2157 714 2198 fuit
735 2158 779 2199 id
799 2169 840 2200 et
859 2162 904 2200 in
923 2161 1134 2215 prioribus
1156 2160 1420 2202 editionibus
1442 2173 1486 2202 et
1502 2162 1639 2204 firmat

197 2212 383 2266 optimus
405 2213 802 2268 glossographorum
835 2218 1087 2270 Hesychius:
1113 2216 1318 2271 πρόλογος,
1346 2218 1422 2268 ait,
1451 2217 1475 2260 ὅ
1491 2237 1637 2274 περιτι-

195 2271 362 2323 θέμενος
379 2271 460 2317 τοῖς
477 2269 752 2323 προελθοῦσιν
770 2274 837 2315 ἐπὶ
853 2275 1020 2325 δεῖπνον,
1053 2276 1120 2316 καὶ
1138 2273 1164 2317 o‘
1177 2272 1407 2328 γαργαρεαῖν
1422 2280 1503 2318 ταῖν
1521 2272 1638 2330 ὀρνί-

195 2333 300 2376 θων,
330 2323 379 2368 ὃν
403 2331 443 2368 οἱ
463 2329 626 2368 παλαιοὶ
644 2329 878 2382 γρηγορὲων.
909 2329 1083 2369 emendo
1105 2329 1356 2386 πρηγορεώνς
1389 2332 1475 2371 nisi
1494 2350 1636 2388 πρηγο-

196 2379 328 2438 ρεύων
347 2381 424 2423 vis.
483 2381 601 2422 Idem
627 2385 803 2433 Hesyclc.
835 2384 1104 2440 πρηγορεύων,
1134 2384 1432 2441 προαγορεύτης
1459 2388 1487 2438 ἦ
1507 2393 1637 2442 δημο-

195 2436 331 2488 κόπος.
389 2437 506 2479 Idem
522 2448 660 2480 tamen
676 2439 860 2482 ibidem:
895 2441 1141 2496 πρηγορεών,
1172 2441 1251 2485 τῶν
1270 2443 1418 2498 ὀρνέων
1441 2445 1465 2487 o‘
1488 2446 1636 2499 πρόλο-

195 2501 278 2549 βος,
315 2494 377 2537 ὅτι
402 2498 715 2550 προσυλλὲγεται
749 2498 792 2539 ἐν
830 2497 965 2549 αὐτοῖς
992 2498 1044 2540 τοὶ
1082 2501 1200 2542 σιτία.
1231 2514 1338 2554 quae
1372 2503 1635 2554 Etymologia

197 2551 316 2601 facit,
346 2559 395 2592 ut
414 2562 458 2594 et
475 2552 546 2605 hie
565 2552 677 2608 apud
695 2552 947 2609 Hesychiam
966 2555 1105 2603 malim
1129 2559 1265 2611 legere
1289 2554 1497 2614 πρόλογος.
1537 2559 1634 2599 Νο-
