1670 2938
156 75 238 117 588
779 71 860 113 ΙΙΙ.
918 76 984 116 92.

158 184 229 224 Sic
256 184 368 224 enim
398 183 525 224 habet
552 182 806 236 Thucydidis
833 186 977 224 locus·
1009 184 1113 226 adeo
1144 194 1192 224 ut
1220 195 1261 226 et
1285 185 1357 225 hic
1382 184 1587 239 suspicari

155 242 286 280 liceat
316 242 528 279 Pollucem
555 239 730 279 nimium
755 238 882 280 fidere
908 241 1093 281 voluisse
1126 241 1264 296 (quod
1295 255 1420 296 supra
1446 241 1497 280 ab
1528 241 1587 281 Η

155 297 292 347 Steplz
325 296 369 333 in
393 296 487 335 aliis
508 295 615 334 locis
637 296 762 336 etiam
779 305 970 336 notatum
995 296 1197 350 diximus)
1227 297 1450 338 memoriae
1471 311 1586 346 suae,

158 366 265 405 quae
297 351 632 391 terminationem
663 351 781 391 verbi
803 353 1035 404 προέλθοιεν
1067 367 1259 404 servans,
1288 353 1390 392 hinc
1404 356 1590 407 βαίνοιεν

155 407 374 447 reddidit
361 408 458 460 ipsi,
490 407 662 447 alterius
683 407 799 447 verbi
823 408 968 448 oblita.
1004 423 1123 463 quam
1144 410 1270 450 facile
1293 409 1396 463 quid
1422 412 1504 448 tale
1522 423 1589 448 ac-

157 462 294 503 cidere
313 473 455 516 potest
474 463 598 502 etiam
619 464 886 505 felicissimae
905 466 1128 505 memoriae
1148 465 1265 514 viris,
1289 465 1334 503 in
1355 465 1491 505 verbis
1517 479 1594 504 au-

157 528 318 557 ctorum
340 518 608 571 adducendis,
639 521 676 557 si
692 519 796 560 liber
815 534 901 560 non
919 519 971 560 ad
994 535 1156 560 manum
1170 550 1182 570 ,
1215 522 1397 576 quisque
1415 521 1589 561 arbitre-

154 584 225 614 tur
244 574 356 628 apud
380 590 422 615 se
443 576 546 629 ipse.
603 576 734 616 IUNG.

265 627 555 685 πορευόμενος]
585 633 719 671 Deest
742 630 999 687 πορευόμενος
1020 632 1065 671 in
1082 634 1180 677 MS.
1235 632 1367 674 Iuno.

266 690 502 743 καὶπορεία,
522 691 592 732 και
611 689 775 742 πορεῖα]
805 689 872 730 Pr.
895 688 957 731 ed.
979 690 1110 742 πορία.
1140 702 1366 743 perperam.
1397 702 1491 728 cum
1511 703 1591 731 πο-

155 745 246 799 ρεῖα
269 744 396 784 etiam
417 758 530 799 supr.
560 745 594 796 Ι,
627 743 693 786 85.
724 747 782 783 H.
814 745 950 798 Steph.
978 755 1020 785 et
1052 745 1161 798 Sylb.
1219 745 1317 784 Szn.

267 813 338 853 καῖ
365 815 526 867 πορεία,
558 813 623 854 καὶ
652 813 821 867 πορεῖα]
868 812 956 853 MS.
988 816 1154 863 saltem,
1185 814 1254 855 καὶ
1282 811 1426 866 πορεία
1453 829 1503 854 τα
1530 807 1590 865 ὅχ-

156 869 249 907 sine
271 867 354 907 illis
384 870 450 910 καὶ
475 871 638 921 πορεῖα,
669 882 746 922 pro
775 869 929 923 quibus
951 879 1072 909 antea
1092 867 1344 923 vulgabatur
1365 885 1434 910 και
1454 870 1591 922 ιιορία,

155 943 205 967 ἰα
221 922 279 978 ὀχ.
337 924 452 964 Avus
473 940 572 965 vero
595 925 752 964 comm.
782 934 862 966 utr.
892 924 997 979 ling.
1030 939 1119 977 cap.
1151 922 1242 981 905.
1272 923 1344 963 hic
1369 923 1591 977 adgnoscit

156 977 279 1035 πόρια
297 997 345 1023 τα
366 979 429 1034 ὀχ.
461 991 502 1020 et
524 995 574 1020 ex
598 981 787 1020 Diodoro
810 980 910 1020 bina
929 983 1022 1020 loca
1047 980 1184 1020 adfert
1208 979 1282 1019 ubi
1304 979 1427 1048 πόρια
1444 978 1496 1018 de
1518 993 1590 1017 na·

156 1036 300 1091 vigiis.
361 1035 442 1077 Sed
471 1046 610 1076 noster
639 1046 680 1076 et
707 1051 832 1090 supra
863 1037 906 1082 I,
939 1036 1004 1079 85.
1037 1039 1179 1090 πορεῖα
1211 1031 1408 1079 θαλάττια
1441 1034 1589 1075 habet·

155 1092 350 1145 hancque
395 1092 642 1157 scripturam
686 1093 782 1134 MS.
830 1092 902 1131 hic
939 1092 1064 1131 etiam
1106 1092 1272 1132 videtur
1308 1091 1590 1145 comprobare.

157 1158 335 1201 utraque
362 1157 512 1200 tamen,
542 1148 632 1190 sive
648 1163 721 1202 per
741 1164 789 1197 ει,
826 1149 916 1189 sive
934 1162 1009 1201 per
1028 1166 1044 1191 ι
1062 1149 1231 1202 scribas,
1262 1147 1433 1188 videtur
1449 1146 1593 1202 proba.

155 1204 386 1244 IuNGnnM.

267 1258 459 1315 προάγει]
503 1259 554 1298 In
581 1260 672 1300 MS.
723 1258 841 1298 deest
867 1275 1032 1314 προαγει
1069 1275 1160 1299 cum
1197 1259 1346 1299 ceteris
1378 1273 1509 1327 usque
1539 1256 1591 1299 ad

156 1315 368 1370 ἀνάβασις.
409 1314 523 1369 quod
561 1329 661 1355 vero
689 1315 762 1354 hic
790 1314 835 1354 in
861 1316 1058 1381 vulgat-is,
1089 1316 1171 1358 ἔστι
1197 1318 1240 1358 δὲ
1268 1313 1313 1358 τό
1331 1316 1416 1357 οἷον
1441 1314 1593 1379 ἡγεῖται

156 1374 223 1415 καὶ
244 1374 344 1425 ἄγει,
376 1386 504 1426 quum
523 1371 632 1411 forte
653 1371 900 1425 respicerem
920 1371 971 1410 ad
1001 1372 1293 1425 interpretem,
1323 1371 1510 1426 quamvis
1537 1370 1592 1409 il-

156 1433 242 1469 lum
260 1430 349 1468 fere
369 1427 481 1466 nihil
502 1427 594 1466 sani
615 1426 778 1467 adferre
800 1441 987 1479 nossem,
1014 1437 1150 1467 tamen
1171 1427 1242 1466 hic
1259 1430 1386 1480 plane
1405 1425 1591 1465 insanire

156 1484 340 1530 videtur,
375 1484 448 1538 qui
469 1484 637 1522 Polluci
666 1482 845 1537 adfingit
877 1497 970 1522 eum
1001 1483 1262 1523 confundere
1286 1482 1400 1535 quod
1423 1483 1593 1521 ducitur

156 1551 197 1580 et
225 1540 552 1580 ducit.sci1icet
594 1553 682 1579 non
718 1539 933 1579 intellexit
960 1539 1093 1578 bonus
1121 1540 1187 1578 vir
1214 1539 1386 1579 verbum
1421 1537 1592 1591 ὑπάγειν

156 1597 241 1639 hic
271 1610 350 1635 nec
373 1596 500 1647 enim,
520 1595 556 1635 si
581 1605 623 1636 et
644 1609 722 1649 ego
749 1604 863 1634 recte
881 1596 1021 1649 capio,
1054 1594 1161 1634 illud
1178 1594 1491 1649 significatione
1509 1593 1592 1633 dis-

158 1662 301 1706 crepat
328 1667 351 1691 a
368 1650 580 1706 προάγειν.
612 1650 687 1691 sed
708 1650 834 1690 etiam
862 1661 926 1690 est
954 1650 1248 1704 explicandum
1279 1665 1354 1704 per
1371 1650 1592 1702 procedere,

141 1712 232 1750 1vel
252 1708 409 1749 ducere.
466 1707 654 1761 Ideoque
675 1715 818 1746 noster
839 1708 996 1746 Pollux
1013 1708 1151 1747 voluit
1172 1707 1397 1760 explicare,
1425 1707 1508 1750 οἷον
1529 1706 1592 1745 di-

152 1759 227 1805 'cas
258 1763 412 1818 ηγεῒται
440 1766 508 1805 vel
539 1764 637 1818 ἄγει.
667 1760 891 1816 ὑπάγουσιν
919 1762 1010 1806 α’ντι
1033 1764 1103 1807 τοῦ
1125 1762 1345 1817 προάγουσι
1364 1763 1592 1830 Λημοσθέ-

158 1839 229 1872 νης
261 1823 523 1891 Φῂξππικοῒς,
554 1820 616 1858 ait
649 1819 808 1859 Saidas
836 1834 889 1860 ex
911 1822 1260 1871 Harpocratione.
1291 1815 1458 1873 ὑπάγειν
1475 1821 1515 1869 ἐς
1529 1820 1593 1860 δι’·

156 1895 245 1929 κην,
275 1875 321 1919 τό
336 1878 473 1929 ἄγειν,
503 1877 570 1918 και
594 1877 862 1927 Θουκυδίδης,
890 1878 958 1918 και
975 1876 1102 1923 ἄλλοι,
1135 1874 1268 1925 idem,
1298 1889 1351 1916 ex
1371 1875 1591 1925 Hesychia,

157 1944 276 1988 puto.
337 1934 529 1973 Ceterum
557 1941 654 1985 post
684 1932 788 1983 ista,
813 1946 924 2002 quae
944 1932 988 1971 in
1014 1933 1107 1973 MS.
1139 1930 1279 1972 deesse
1297 1929 1497 1978 diximus,
1530 1944 1592 1970 se·

159 1989 306 2044 quitur
325 1988 370 2026 iu
403 1986 548 2028 eodem
577 1988 765 2027 auctius.
795 1986 1016 2042 α’νοῖβασις,
1045 1989 1112 2031 καὶ
1133 1985 1459 2052 dvoesscssaom'uoa!
1486 1984 1594 2027 οἴνα-

157 2045 432 2109 βεβασμένοι
422 2045 550 2086 ι’πποι.
582 2045 727 2083 nescio
745 2057 797 2082 an
819 2058 871 2083 ex
893 2044 1056 2083 librarii
1079 2043 1300 2084 oscitantis
1317 2041 1589 2096 repetitione,

158 2116 211 2142 an
237 2099 491 2166 negligentis
525 2099 754 2139 omissione
783 2100 900 2140 verbi
905 2099 1162 2170 ,ἀναβασμοί
1221 2098 1336 2138 Alias
1355 2096 1468 2152 apud
1488 2099 1592 2136 Sui-

159 2158 259 2197 dam
286 2165 372 2203 est,
404 2152 707 2209 οἶναβεβαμὲνοι,
737 2153 828 2197 ἀντὶ
854 2156 924 2199 τοῦ
949 2154 1156 2209 ἀναβάτην
1182 2153 1349 2209 ἔχοντες.
1386 2154 1488 2196 ου’τω
1521 2155 1592 2199 Ξε·

158 2213 307 2266 νοφῶν.
364 2210 563 2251 Occurrit
590 2210 635 2250 id
660 2211 909 2251 vocabulum
931 2212 1074 2251 statim
1100 2211 1228 2250 initio
1246 2210 1317 2253 τοῦ
1334 2210 1594 2280 ‘Inuapxgxofi

159 2269 464 2321 Xenophontis.
495 2276 538 2307 et
557 2267 602 2305 in
621 2266 766 2307 eodem
796 2271 924 2320 paulo
946 2267 1123 2306 inferius
1143 2265 1270 2305 habes
1291 2269 1335 2309 ἐν
1342 2266 1477 2320 Ἵππῳ
1498 2265 1592 2308 οἴνα·

159 2325 397 2380 βεβαμέυῳ,
423 2323 499 2363 ubi
526 2321 578 2362 ad
610 2336 722 2362 oram
751 2321 1037 2375 adposuerunt
1060 2332 1103 2362 et
1123 2322 1232 2362 hanc
1249 2322 1476 2362 lectionem
1497 2321 1591 2365 ἄνα·

158 2383 411 2436 βεβασμένῳ.
459 2380 551 2420 Hac
571 2378 734 2418 ratione
750 2379 891 2445 itaque
912 2378 1109 2419 habemus
1127 2377 1394 2444 tergeminam
1416 2379 1592 2418 formam

160 2438 284 2486 istius
301 2437 420 2478 vocis
438 2434 763 2488 ἇναβιβασμένοι,
782 2432 1112 2487 ἄναβεβασμένοι,
1135 2430 1443 2488 αναβεβαμένοι.
1474 2435 1594 2488 Quae

127 2491 133 2494 ⁶
161 2496 199 2534 si
221 2494 465 2548 litigarent,
495 2493 707 2531 Pollucem
727 2490 955 2531 secundum
980 2490 1183 2539 ultimam,
1210 2491 1249 2530 si
1271 2489 1440 2545 quidem
1458 2493 1592 2531 ‚Xeno-

158 2550 395 2602 plzonteam,
425 2557 568 2603 putem
588 2547 704 2588 litem
724 2546 928 2586 daturum.
976 2547 1107 2585 Imm.

1667 879 1670 899 ...
1664 805 1670 863 μυ...
1665 737 1670 795 mn...
1660 358 1670 728 Az>-.-u-·n.-——n-...-.—m..2
1661 294 1664 299 *
