1682 2956
773 146 802 185 1.
861 150 899 189 6.
1523 150 1578 193 18

229 260 261 317 ηε
276 265 430 314 εἴσοδος
449 258 709 319 προπύλαια]
751 258 912 300 ‘Aditus
940 260 1094 313 templi,
1119 260 1362 313 propylaea.
1396 260 1574 316 Interpr.

113 325 304 377 porticus.
324 320 466 372 habet,
496 320 637 359 minus
655 327 781 359 recte.
839 317 1013 357 Latinis
1032 330 1121 356 non
1140 317 1394 357 inusitatum
1414 327 1478 358 est
1496 333 1580 367 vo...¹

115 379 312 420 nabulum
333 379 623 432 propylaeum,
655 374 841 429 ideoque
873 373 982 414 illud
1006 374 1244 417 retinerem.
1302 373 1423 415 Haec
1452 375 1577 416 Atti..

115 443 191 477 cae
226 434 332 475 arcis
353 437 586 488 propylaea
615 434 802 471 Pericles
823 445 977 485 magno
998 441 1173 486 sumptu
1192 433 1394 472 Mnesicle
1412 431 1578 474 Archi-

117 501 234 534 tecto
265 490 558 547 quinquennii
593 489 733 543 spatio
765 487 991 528 admodum
1016 486 1239 542 splendide
1269 487 1362 529 fieri
1391 504 1577 532 curave..

116 559 197 601 rat,
227 558 279 588 ut
310 562 387 602 per
410 562 459 588 ea
487 546 676 601 quinque
698 546 834 599 portis
855 545 899 584 in
927 559 1062 584 arcem
1085 553 1250 598 pateret
1269 545 1354 585 via.
1413 547 1576 591 Eadem

115 605 266 661 pinxit
289 607 566 657 Protogenes,
597 603 786 657 fecitque
811 601 924 641 inibi
956 600 1143 642 nobilem
1169 603 1377 642 Paralum
1401 612 1443 644 et
1464 603 1598 647 Her-³

118 661 334 703 mionida:
361 661 505 715 pinxit
525 670 567 713 et
589 662 781 699 Socrates
797 662 842 698 ίη
863 659 1100 713 propylaei-s·
1121 659 1436 701 Atheniensium
1458 662 1580 704 Cha..
1606 691 1618 697 -

119 723 242 762 ritas.
293 719 425 758 Plin..
452 720 480 757 1.
518 716 582 760 56.
625 731 660 758 c.
693 717 733 758 5.
803 714 1021 770 Quantum
1053 714 1138 754 hoc
1169 728 1294 769 opere
1323 727 1366 757 et
1388 724 1582 776 τηλαυγεῖ

116 773 324 830 προσώπῳ
344 774 622 816 Athenienses
644 771 942 827 superbierint,
973 786 1026 812 ex
1045 772 1260 812 Demosth.
1288 773 1408 815 Orat.
1441 787 1579 823 contr.

118 835 347 886 Aristogit.
378 832 480 871 satis
510 841 643 884 patet,
676 830 763 869 imo
797 831 908 870 inter
939 828 1116 868 eximias
1139 828 1256 868 urbis
1281 829 1401 872 dotes
1422 847 1579 875 cense-
1609 847 1610 850 ’

117 890 276 930 bantur
296 889 402 929 haec
419 891 668 942 propylaea.
726 887 873 927 Locus
902 888 1071 941 elegans
1093 884 1174 924 hac
1191 884 1244 925 de
1264 901 1308 927 re
1327 898 1444 929 extat
1463 891 1581 944 apud

117 947 384 987 Athenaeum
407 959 460 985 ex
481 943 742 984 Phoenicide
769 946 799 984 l.
826 951 888 985 14.
938 943 1002 997 [p.
1024 940 1119 984 652.
1149 943 1231 996 D.]
1279 957 1403 999 quem
1423 960 1578 1002 operae

116 1003 302 1058 pretium
323 1002 408 1043 erit
439 1000 695 1043 adscribere:

288 1056 455 1117 μύρτων
483 1059 639 1113 λέγουσι
666 1061 735 1102 καὶ
761 1057 922 1114 μέλιτος
949 1054 1143 1114 ἐγκώμια,

289 1121 360 1161 καῖ
385 1117 465 1159 ταῖν
493 1117 784 1171 προπυλαίων,
825 1119 895 1158 καῖ
923 1117 1111 1167 τέταρτον
1141 1113 1331 1172 ἰσχάδων.

288 1171 436 1218 τούτων
465 1172 688 1229 ἐγευσάμην
714 1169 999 1222 καταπλεύσας
1027 1172 1196 1223 εὐθέως,

262 1270 264 1272 ,
289 1234 362 1276 καὶ
388 1230 468 1273 τῶν
496 1232 780 1284 προπυλαίων”
811 1230 950 1273 κου’ὃὲν
980 1228 1031 1281 ἦν
1059 1228 1213 1273 τούτων
1241 1231 1343 1282 ὅλως·

291 1286 398 1341 πρός
426 1284 497 1330 τόν
525 1285 704 1343 οἷταγῆνα
731 1290 953 1343 συμβαλεῖν
981 1287 1061 1330 τῶν
1088 1286 1329 1343 βρωμάτων.

290 1353 515 1399 myrtorum
537 1345 760 1399 preferant
787 1346 1000 1398 mellisque
1028 1348 1274 1398 praeconia,

288 1411 328 1441 et
351 1403 678 1455 propylaeoram,
703 1403 947 1454 ficuumque
976 1401 1161 1456 denique.

290 1459 391 1499 haee
418 1461 565 1499 statim
603 1462 781 1512 gustavi
791 1492 803 1511 ‚
839 1459 1019 1498 simulac
1048 1474 1196 1498 navem
1225 1462 1391 1514 appuli,

287 1518 511 1569 propylaea
540 1531 723 1570 quoque5
761 1516 834 1554 sed
857 1517 1004 1554 horum
1031 1517 1097 1555 nil
1123 1520 1304 1556 omnium

288 1573 480 1612 ciborum
507 1576 686 1627 atageni
713 1581 818 1612 recte
843 1575 1155 1627 comparaveris.

126 1642 226 1699 Quo
249 1643 347 1681 loco
371 1640 545 1681 doctiss.
580 1641 758 1682 casaub.
795 1654 871 1696 per
900 1638 1134 1695 προπύλαια
1155 1641 1363 1697 intelligit
1384 1642 1583 1700 bellaria,-

126 1701 319 1752 aliasqae
345 1699 542 1751 cupedias
573 1701 619 1737 in
643 1699 808 1738 aedium
829 1713 1050 1738 sacrarum
1071 1701 1300 1738 aliorumve
1316 1701 1582 1751 publicorum,

128 1755 345 1796 vestibulis
361 1756 514 1794 solitas
539 1758 720 1794 euenire.
772 1755 926 1795 Malim
947 1765 1085 1795 tamen
1105 1756 1195 1810 ipsa
1219 1756 1469 1810 simpliciter
1480 1773 1583 1811 proe-

123 1814 274 1867 pylaea
295 1811 367 1851 hic
391 1811 629 1867 indigitari.
687 1812 796 1861 Nam
830 1826 877 1852 ea
908 1822 1097 1852 recenset
1122 1813 1323 1864 comicus,
1357 1814 1512 1868 quibus
1535 1830 1582 1856 se

127 1868 343 1909 iactabant
372 1868 678 1919 Athenienses,
724 1879 767 1908 at
804 1868 996 1923 cupediis
1038 1868 1089 1908 ad
1120 1873 1353 1923 propylaea
1387 1871 1580 1911 venditis

127 1939 353 1980 nusquam,
383 1935 585 1981 quantum
607 1925 793 1976 memini,
825 1925 1137 1979 superbierunt.
1168 1928 1403 1980 Propylaea
1442 1938 1582 1968 autem

129 1983 241 2023 inter
262 1991 506 2022 ornamenta
526 1982 644 2021 urbis
668 1996 765 2023 suae
785 1983 922 2036 primo
944 1986 1041 2022 loco
1064 1983 1193 2036 ponit
1219 1985 1428 2023 Demos-tlt.
1460 1985 1506 2023 in
1533 1986 1586 2024 de

130 2040 302 2093 Syntax,
362 2039 582 2079 Caeterum
615 2039 767 2091 opinio
799 2038 917 2078 docti
945 2039 1061 2078 illius
1089 2039 1173 2079 viri
1201 2049 1300 2079 nata
1327 2040 1499 2081 videtur
1529 2057 1587 2082 ex

132 2096 190 2151 τῷ
214 2092 456 2151 ἐγευσάμην,
490 2095 603 2148 quod
632 2095 740 2134 illud
762 2094 807 2134 in
832 2096 923 2149 ipsa
946 2099 1178 2150 propylaea
1198 2111 1286 2136 non
1310 2095 1446 2138 cadat.
1504 2096 1591 2139 Sed

130 2152 247 2192 hunc
267 2152 397 2192 ictum
427 2152 553 2192 facile
575 2152 862 2204 vitaverimus,
893 2153 928 2191 si
953 2167 1040 2202 eos,
1075 2152 1149 2207 qui
1177 2152 1247 2192 hic
1280 2153 1366 2194 loci
1394 2156 1588 2210 loquun-

131 2217 215 2260 tur,
246 2209 534 2260 respiciamus.
594 2207 767 2248 Laudat
800 2210 928 2260 enim,
959 2209 1104 2249 nescio
1142 2210 1237 2264 quis
1270 2209 1438 2264 hospes,
1470 2211 1586 2251 Atti-

132 2279 180 2306 ca
218 2261 432 2319 αὐχήματα
457 2275 499 2304 et
528 2265 641 2305 inter
673 2275 720 2304 e‘a
753 2269 1006 2319 propylaea,
1041 2275 1083 2306 et
1111 2280 1205 2305 cum
1240 2266 1510 2319 subiecisset,
1543 2281 1586 2308 se

131 2321 274 2361 statim
297 2318 319 2361 ὲ
342 2322 443 2361 navi
461 2320 628 2361 laudata
648 2321 719 2360 ina
743 2322 915 2362 bellaria
940 2321 1197 2378 degustasse,
1218 2325 1323 2362 alter
1342 2336 1416 2376 per
1436 2337 1589 2378 paren-

132 2376 275 2418 thesin
313 2377 455 2417 iocum
482 2378 636 2418 inserit
664 2377 760 2432 παρ’
790 2378 1008 2425 ὖπόνοιαν,
1053 2379 1394 2434 interrogatque,
1426 2396 1524 2420 num
1548 2388 1588 2418 et

127 2436 356 2487 propylaea
375 2435 622 2489 gustasset?
649 2439 717 2477 καὶ
742 2432 822 2477 τῶν
845 2438 1133 2489 προπυλαίωνς
1177 2451 1233 2475 sc.
1266 2432 1432 2491 ἔγεύσω.
1493 2437 1588 2477 Nec

133 2490 382 2546 infrequens
411 2501 473 2531 est
495 2490 614 2546 ⁴apud
649 2491 832 2531 comicos
864 2493 984 2531 iocus
1017 2491 1109 2548 παρ’
1130 2490 1335 2537 ὑπόνοιαν.
1394 2494 1451 2533 Et
1481 2493 1587 2533 haec

134 2544 339 2586 hactenus
361 2546 412 2588 de
433 2549 688 2602 propylaei&
748 2549 985 2602 Antequam
1009 2559 1147 2589 nutem
1180 2548 1280 2590 hinc
1304 2549 1357 2590 ad
1387 2550 1469 2589 alia
1487 2563 1589 2603 per-

134 2616 314 2656 gamus„
332 2605 472 2643 iocum
497 2605 714 2644 Strabonis
737 2603 788 2645 de
806 2605 997 2658 partibus
1027 2608 1283 2659 templorum
1304 2607 1586 2662 Aegyptiaco-

133 2673 226 2699 rum
244 2659 380 2701 visum
400 2670 464 2701 est
486 2671 724 2712 annectere,
752 2663 827 2717 qui
853 2661 912 2701 ita
938 2675 981 2701 se
1008 2660 1150 2716 habet,
1179 2663 1209 2704 l.
1249 2677 1309 2719 17.
1368 2661 1486 2707 Kato?
1512 2659 1587 2713 τήν
