1670 2938
128 47 210 88 606
733 51 801 91 111
807 84 815 93 .
879 58 969 98 109.

127 158 229 211 ἐρεῖς
247 159 289 201 δὲ
310 168 389 200 etc.
422 173 527 213 quae
546 162 625 200 iam
653 162 823 203 initium
855 180 890 206 c.
914 167 1054 209 XXII.
1089 170 1206 224 quod
1234 172 1456 216 cohaerere
1478 189 1570 217 cum

128 214 262 266 priori
289 214 486 259 diximus.
544 219 669 261 que.

802 283 894 322 109.

237 327 420 379 περὶτοῦ
436 331 642 380 πλουτεῖν]
690 333 734 375 Ρ.
766 338 860 389 περὶ
876 338 1080 382 πλοωίου.
1142 339 1238 379 SEB.

237 387 332 438 περὶ
352 385 421 425 τοῦ
438 388 647 440 πλουτεῖν]
699 389 745 431 C.
778 391 828 431 A.
855 393 947 446 περὶ
968 397 1038 434 τοῦ
1059 398 1257 439 πλουσίου.
1315 397 1486 440 Kumm.

236 440 426 493 εὔπορος]
458 442 586 482 Hunc
609 455 650 484 et
670 457 915 501 sequentem
935 449 1186 491 versiculum
1210 455 1433 508 exscripsit
1452 457 1571 496 Pha-

125 509 204 535 νον.
235 495 279 534 in
305 497 486 551 εὔπορος.
545 499 716 541 ΚυΕΗΝ.

237 551 480 606 ζάπλουτος]
528 555 695 597 Absunt
717 559 796 598 ista
817 575 840 599 a
872 560 918 603 C.
950 561 1000 601 A.
1031 576 1164 615 usque
1186 564 1237 604 ad
1256 565 1568 620 βαθυπλούσιος.

125 607 222 648 dein
246 608 422 652 Πλάτων
443 613 484 652 δὲ
505 615 573 654 καὶ
591 615 862 668 παμπλούσιος
890 617 968 671 ἔφη
992 619 1241 674 πολύχρυσος
1266 641 1309 664 π.
1339 621 1570 677 περιουσιά-

123 668 199 714 ζων
218 675 295 705 etc.
326 666 486 718 ὀλβίων.
517 671 640 718 εἴποις
668 668 702 712 δ’
725 671 791 721 οἳν,
820 674 1082 717 πλουτοποιόν
1101 693 1137 731 χ.
1169 679 1296 717 Plato
1326 679 1402 718 lib.
1432 681 1483 722 V.
1514 680 1567 720 de

122 722 213 763 LL.
246 720 320 765 οὐκ
336 724 438 765 elain
459 730 498 766 οἱ
516 727 786 781 παμπλούσιοι
802 726 967 785 α’γαθοῖ,
998 735 1037 774 εἰ
1049 734 1091 774 δὲ
1107 731 1164 789 μή
1187 732 1351 788 ἀγαθοὶ,
1379 734 1470 779 οὐδὲ
1495 735 1569 780 εὖ·

123 779 317 832 δαίμονες.
374 780 552 820 Kumm.
1209 816 1211 819 -

220 832 465 890 ζάπλουτος]
517 839 689 878 Desunt
721 838 830 889 ζάπλ-
862 859 949 898 pasy-
981 859 1065 899 μεγ-
1094 849 1195 890 βαθ.
1225 854 1267 886 et
1294 848 1339 890 ἒν
1363 850 1447 897 τοῖς
1471 846 1567 892 Νό-

120 908 223 943 μοις,
255 894 321 935 καὶ
349 893 392 931 in
425 893 518 934 MS.
549 896 747 936 Platonis
774 901 895 938 locus
927 910 969 940 et
1001 900 1112 939 infra
1144 901 1218 952 VI,
1251 901 1340 945 165.
1370 904 1568 945 innuitur

121 949 199 987 Est
221 959 355 989 autem
378 948 450 991 hic
469 951 582 991 forte
603 951 663 990 lib
692 953 743 994 V.
782 956 967 1010 Legum:
998 956 1096 999 ὥστε
1124 955 1149 1000 ὀ
1167 957 1280 1013 λόγος
1306 959 1402 1014 ὑμῖν
1426 961 1568 1015 ὀρθός,

121 1003 177 1054 οἷς
196 1002 268 1047 οὐκ
287 1007 385 1047 εἰσὶν
405 1010 444 1049 οἱ
458 1006 731 1061 παμπλούσιοι
751 1009 919 1066 ἀγαθοὶ,
948 1015 986 1056 εἰ
1006 1014 1048 1056 δὲ
1066 1011 1125 1067 μή
1142 1012 1306 1071 α’γαθοῖ,
1333 1015 1407 1060 οὐκ
1428 1017 1567 1062 εὐδαί-

120 1076 251 1115 μονες.
309 1063 437 1115 Inue.
612 1112 614 1115 ¹

229 1127 570 1183 ὅδἘῦπόλιδος]
621 1132 791 1172 Desunt
819 1136 864 1173 in
893 1134 989 1178 MS.
1023 1137 1047 1180 o‘
1076 1136 1110 1180 δ’
1141 1135 1300 1185 Εὗπόλ.
1328 1147 1396 1185 πλ.
1423 1141 1567 1186 πὲπαι·

120 1201 224 1236 urceo,
257 1186 372 1239 quod
390 1187 584 1226 ultimum
613 1198 655 1228 et
685 1189 743 1228 H.
770 1191 907 1242 steph.
940 1193 992 1232 ad
1026 1208 1139 1233 oram
1163 1196 1231 1234 sui
1255 1197 1416 1238 codicis
1436 1213 1567 1252 repo-

120 1250 282 1290 suerat,
323 1255 452 1296 quum
489 1253 611 1283 antea
650 1248 755 1286 male
788 1247 980 1287 ederetur
1017 1251 1227 1294 πέπαικαι.
1286 1253 1480 1295 Ceterum
1512 1254 1564 1296 de

48 1303 53 1310 ’
118 1295 292 1348 πλούταξ
320 1296 496 1338 adnotat
523 1301 582 1338 H.
607 1300 744 1353 Steph.
783 1303 877 1356 adp.
910 1303 959 1344 de
983 1306 1101 1346 Dial.
1138 1308 1226 1350 Att.
1269 1323 1357 1362 cap.
1389 1324 1450 1363 17.
1482 1320 1564 1349 ter-

119 1354 394 1394 minationem
416 1354 621 1409 quandam
642 1357 685 1395 in
709 1363 757 1409 αξ
785 1374 886 1411 esse,
917 1374 1022 1414 quae
1042 1363 1198 1406 comica
1216 1377 1340 1417 posse
1359 1367 1563 1419 appellari

59 1415 62 1418 ’
119 1409 328 1456 videatur,
358 1409 404 1449 in
432 1410 679 1463 quibusdam
699 1416 966 1458 nominibus:
997 1419 1131 1457 veluti
1160 1419 1204 1457 in
1233 1421 1334 1470 νεάξ,
1367 1431 1410 1460 et
1435 1420 1565 1465 πλού-

119 1471 191 1517 ταξ
219 1465 331 1520 apud
356 1468 581 1522 Pollucem.
637 1470 704 1509 Ae
732 1472 959 1524 fortassis,
997 1473 1079 1522 ait,
1119 1479 1356 1516 terminatio
1383 1478 1488 1517 Izaec
1517 1482 1563 1518 in

119 1521 295 1573 πλούταξ
322 1525 487 1563 omnino
526 1527 742 1578 respondet
774 1528 966 1567 Gallicae
989 1533 1272 1572 terminationi
1288 1547 1412 1585 quam
1433 1535 1561 1574 habet

117 1577 312 1628 richard,
357 1594 483 1633 quum
515 1580 672 1622 dicitur
697 1584 834 1637 (verbo
866 1586 1009 1626 itidem
1042 1588 1271 1627 comoediae
1299 1592 1562 1640 potissimum

118 1637 418 1688 conveniente‚)
452 1636 559 1690 (Pes-t
579 1653 637 1677 un
654 1641 800 1692 grand
814 1640 999 1683 richard.
1058 1643 1168 1683 Usus
1197 1654 1261 1684 est
1279 1659 1377 1685 vero
1402 1656 1443 1686 et
1466 1649 1562 1687 Me·-

117 1691 276 1731 nander
301 1690 386 1731 iua'
406 1706 510 1734 voce
541 1694 737 1748 πλούταξ,
766 1697 838 1736 sed
866 1712 988 1753 quam
1016 1700 1167 1739 sumsit
1188 1700 1238 1740 ab
1260 1701 1482 1754 Eupolide,
1513 1713 1562 1744 ut

117 1747 220 1788 hinc
240 1757 361 1788 notat
389 1749 571 1790 casaub.
590 1751 666 1791 IV.
695 1753 848 1794 Athen.
877 1754 915 1796 4.
973 1755 1103 1796 Iuno.

225 1803 298 1847 οὐκ
326 1802 533 1862 ὅλι7οΖ9·]
576 1808 749 1848 Desunt
780 1808 851 1853 οὐκ
880 1809 1056 1868 ὀλιγοχρ.
1094 1810 1175 1856 εόκ.
1213 1818 1355 1857 πολυκ.
1384 1814 1430 1853 in
1461 1815 1558 1856 MS.

115 1859 343 1904 Iunonum.

135 1915 138 1918 ⁴
225 1921 305 1959 τῶν
323 1915 502 1971 ὀλβίων]
555 1918 605 1960 C.
626 1920 677 1961 V.
710 1935 784 1975 pro
809 1921 956 1978 ὀλβίων
979 1927 1060 1980 leg.
1091 1923 1244 1981 ὀλίγων.
1301 1926 1473 1968 Kmmn.

227 1972 306 2015 τῶν
326 1971 503 2028 ὀλβίων]
533 1976 628 2015 MS·
659 1981 739 2019 τῶν
761 1977 909 2035 ὀλίγων
941 1995 1017 2034 pro
1040 1981 1198 2035 ὀλβίων.
1244 1981 1391 2022 Cetera
1415 1981 1555 2021 omnia

117 2028 162 2068 in
192 2029 288 2069 MS.
322 2028 474 2068 desunt
501 2044 636 2085 usque
658 2033 710 2072 acl
738 2049 864 2090 segm.
889 2051 974 2090 seq.
1007 2040 1133 2087 εἴποις
1151 2037 1185 2079 δ’
1203 2037 1253 2079 ἄν
1275 2047 1352 2077 etc.
1393 2037 1557 2077 Notan-

117 2084 215 2124 dum
239 2098 338 2124 vero
358 2085 464 2124 illud
483 2090 643 2143 ὀλίγων,
679 2091 793 2143 quod
818 2107 894 2145 pro
917 2095 1184 2145 optimatibus
1212 2091 1323 2146 apud
1350 2094 1556 2146 Thucydi-

116 2141 209 2180 dem
236 2139 554 2193 creberrimum,
596 2158 648 2184 an
680 2145 752 2186 hic
781 2161 881 2188 vero
913 2152 1051 2189 locum
1082 2149 1256 2200 habeat,
1289 2149 1556 2189 considerent

117 2196 341 2237 doctiores.
399 2197 529 2240 que.

224 2250 464 2307 ‘dedmogJ
510 2255 657 2296 Locus
679 2259 885 2298 Herodoti
904 2270 968 2301 est
989 2276 1042 2302 ex
1065 2261 1197 2314 ipsius
1228 2261 1356 2300 Musa
1374 2261 1424 2304 V.
1455 2261 1553 2304 ubi:

113 2310 160 2353 ἔκ
182 2307 318 2360 Νάξου
334 2309 481 2364 ἔφυγον
498 2311 640 2368 ἄνδρες
661 2315 741 2356 τῶν
760 2316 919 2370 παχέων
937 2316 1019 2359 *rinc*
1034 2319 1106 2360 τοῦ
1124 2315 1259 2371 δήμου.
1319 2317 1441 2359 IUNG·

220 2380 302 2419 ταῖν
331 2378 519 2434 παχέων]
584 2379 737 2420 Herod.
776 2382 850 2424 lib.
885 2384 935 2426 V.
973 2386 1048 2425 fol.
1079 2383 1170 2440 559.
1210 2384 1294 2427 vid.
1337 2385 1450 2425 infra
1479 2386 1553 2436 VI,

116 2446 207 2490 197.
268 2434 366 2475 SEB.
582 2444 585 2447 ’

131 2509 134 2514 ·
217 2492 425 2546 περιουσίᾳ
458 2491 558 2545 ζοῖν]
606 2493 692 2532 Aut
719 2493 939 2549 legendum
971 2496 1148 2548 putarim
1179 2500 1386 2552 περιουσίᾳ
1413 2499 1549 2547 συζῶν,

113 2545 273 2602 autv‘1p'
291 2550 334 2589 ἓν
366 2548 596 2604 (quomodo
624 2549 789 2604 quidem
820 2551 945 2592 modo
979 2554 1220 2608 praecessit)
1251 2554 1547 2609 περιουσιάζων.
