1690 2944
204 133 287 174 286
825 129 863 169 Ι.
919 132 1016 175 248.

316 238 532 295 κολαβους]
578 241 625 280 Ρ.
661 241 714 280 R.
745 250 786 281 et
812 241 864 284 A.
891 239 1124 312 κολλάβους.
1153 243 1271 283 Said.
1301 240 1489 297 Κόλαβος
1512 242 1536 287 ὅ
1559 262 1632 297 μι-

153 340 161 350 ·
205 316 299 353 κρος
327 298 466 350 ζωμός.
524 299 580 335 Et
611 298 749 336 statim
777 298 899 339 inde·
943 295 1180 367 κολλάβους,
1216 300 1319 351 (nisi
1353 301 1466 354 quod
1506 302 1631 342 serie·

205 355 466 407 alphabetica
494 354 662 394 videtur
691 368 882 403 monere,
917 354 1109 409 κολαβοις
1139 355 1425 402 scribendum,
1455 357 1566 396 sicut
1589 366 1631 396 et

204 412 317 450 haud
339 411 458 449 aliter
480 409 578 449 inde
600 410 701 449 citat
727 413 785 478 Η,
816 412 951 463 Steph.
991 412 1035 450 in
1066 411 1159 451 Ind.
1190 410 1315 452 Thes.
1347 411 1514 467 Graec.)
1541 430 1632 462 τους

203 484 367 521 αρτους,
399 483 488 514 τους
517 462 695 514 ἐοικότας
730 484 801 516 την
831 464 982 510 πλασιυ
1009 471 1089 516 τοῖς
1111 466 1315 520 κολλάβοις
1337 470 1407 518 τῆς
1437 464 1631 538 κιθάρας.

203 529 240 566 οἱ
266 523 328 571 δὲ,
359 522 459 570 εἶδος
483 519 729 571 πλακοῦντος
759 540 1015 577 τετραγωνου,
1044 524 1071 574 ἤ
1105 524 1227 577 ἄρτου
1258 526 1412 577 μικροῦ,
1441 543 1551 576 παρα
1587 523 1631 566 m*

202 583 246 622 ἐκ
271 578 452 675 μεέοὲλων
480 581 790 634 κολλυβίζεσθαι.
818 579 1006 634 κολλαβοι
1026 598 1117 636 γαρ,
1152 585 1202 621 ια’
1218 581 1297 623 τῶν
1323 579 1632 636 χορδωνὲπιτό-

203 653 283 679 ma.
344 650 396 674 5'3

310 700 522 756 κολάβους]
552 702 599 743 C
628 702 677 745 V.
711 702 939 754 κολλάβους.
996 703 1172 745 ΚσΕΗΝ.
1614 720 1619 727 ’

311 759 532 813 κολαβους]
578 759 672 801 MS.
711 759 943 815 κολλάβους.
979 769 1026 798 ut
1057 769 1099 800 et
1126 760 1237 799 infra
1273 768 1337 801 est
1367 758 1452 812 VI,
1485 770 1552 814 72.
1584 767 1629 800 et

201 815 313 870 apud
336 816 452 855 Satd.
509 816 641 855 Imm.

310 870 476 927 α’θοῖρη]
518 873 566 911 P.
608 874 657 912 R.
700 867 853 924 οἲθοῖρα.
892 869 1004 925 quod
1048 871 1218 937 linguae
1266 870 1497 911 communis
1542 879 1624 910 est.

198 926 335 981 αθᾰρη
379 938 514 967 autem
556 929 720 968 Atticae
760 928 949 978 dialecti,
979 922 1118 983 α’ὓῆρα
1158 928 1382 977 Aeolicae,
1417 936 1466 966 ut
1500 926 1630 966 tradit

197 985 334 1024 Selwl.
365 986 579 1035 Aris-toph.
609 985 683 1026 fol.
714 983 780 1025 56.
840 983 943 1024 SEB.

255 1062 258 1064 ’
311 1048 476 1103 οἷθᾶρηξ]
506 1051 598 1089 MS.
622 1049 776 1105 α’θοὲρη,
809 1053 854 1093 ἐκ
871 1053 1101 1107 καχρυὸἰου,
1132 1050 1245 1091 deest
1268 1050 1363 1091 dein
1386 1051 1626 1103 πανοσπρία.

198 1109 280 1148 Pro
307 1107 522 1160 πυριάτης,
556 1107 672 1174 MS.
707 1105 890 1159 πυριάτη.
950 1109 1020 1148 Sic
1051 1118 1092 1147 et
1124 1108 1257 1158 infra,
1287 1107 1363 1145 ubi
1400 1106 1450 1146 de
1481 1107 1627 1146 eodem

199 1165 360 1219 agitur,
394 1172 435 1203 et
455 1162 635 1214 7w9wc'my
659 1173 742 1210 est,
774 1164 872 1204 MS.
903 1182 1077 1218 πυριατη
1099 1163 1173 1213 VI,
1205 1164 1272 1204 54.
1327 1163 1454 1205 IUNG.

200 1288 229 1329 S
307 1231 572 1285 καγχρυόἰου]
620 1232 666 1273 A.
708 1239 750 1271 et
778 1231 826 1271 P.
861 1232 911 1270 R.
953 1248 1096 1286 καγχρ.
1143 1230 1268 1270 etiam
1311 1230 1373 1270 sic
1409 1229 1626 1284 reperitur.
1653 1256 1661 1263 -

233 1301 567 1398 ΕΒΕκῗκῒκΞρυδίου]
606 1342 654 1384 C.
693 1342 742 1384 A.
780 1360 803 1391 η
835 1343 1110 1410 ἔγκαγχρυδιόυ
1146 1358 1341 1395 πυριατη,
1379 1340 1430 1380 de
1472 1341 1625 1381 ultimo

195 1400 382 1497 Ξοζιὲξὶιζ
407 1399 624 1452 Aristoph.
663 1399 709 1438 in
748 1399 894 1451 Vespis
930 1414 1025 1454 pag.
1068 1396 1159 1440 556.
1286 1398 1338 1438 V.
1377 1400 1625 1454 καγχρυδίου.

308 1521 560 1577 πανοσπρία]
592 1522 770 1575 Hesych.
797 1531 839 1561 et
860 1517 1400 1575 Suid.nav06n9m.sss13.

306 1579 476 1632 κρίμνα]
507 1580 555 1619 C.
588 1580 637 1621 V.
668 1596 837 1632 κρηιινα.
894 1579 1073 1619 Kumm.

307 1637 479 1689 κρίμνα]
511 1635 605 1677 MS.
636 1652 805 1688 κρημνα,
828 1633 924 1673 vide
944 1643 984 1673 et
1005 1634 1116 1672 infra
1138 1632 1238 1682 VII,
1258 1643 1323 1671 21.
1351 1633 1489 1670 locum
1508 1630 1625 1669 huuc

194 1690 339 1733 laudat
373 1690 756 1735 Brod.adlib.1‚
786 1690 1005 1744 antholog.
1040 1689 1117 1728 sub
1157 1688 1280 1728 finem
1317 1702 1353 1728 c.
1386 1687 1450 1729 54.
1480 1687 1556 1726 ubi
1581 1700 1621 1727 v.

194 1750 424 1788 IUNGERM.

305 1803 492 1869 κυριβια]
521 1812 588 1852 Sic
626 1811 826 1866 quosdam
859 1822 900 1851 et
933 1811 1044 1865 apud
1071 1814 1277 1863 Hippocr.
1313 1809 1626 1878 Ιοςετθῐίηᾳυίῐ

192 1873 249 1914 A.
279 1874 470 1911 Foesins:
499 1869 695 1921 libroque
716 1870 772 1909 II.
806 1868 856 1907 de
881 1867 1041 1908 diaetae
1060 1883 1151 1923 pag.
1182 1867 1249 1923 95,
1281 1866 1319 1908 8.
1350 1865 1520 1920 κυβὴρια
1543 1880 1626 1904 ex·-

192 1937 308 1973 tare,
340 1926 411 1965 sed
442 1926 531 1980 ipse
563 1924 757 1963 mendum
788 1938 875 1964 esse
899 1925 1170 1989 Ηευερὶοεωτ,
1206 1933 1247 1964 et
1277 1923 1451 1976 κυρήβια
1476 1926 1625 1975 legen·-

194 1983 306 2033 dum,
345 1997 463 2036 quam
492 1981 737 2032 scripturam
760 1980 931 2020 caeteris
959 1982 1084 2020 etiam
1104 1981 1235 2020 I·Ienr.
1265 1981 1400 2032 Steph.
1425 1978 1622 2033 praefert.

191 2038 278 2080 vid.
308 2038 436 2076 huius
460 2037 585 2076 Thes.
623 2036 734 2074 illius
756 2050 902 2079 oecon
937 2039 1138 2088 Hippocr.
1198 2037 1296 2077 San.

302 2093 496 2149 πυρίβια]
533 2092 870 2145 C.V.u191'uca.
928 2093 1101 2137 HUEHN·

303 2150 498 2215 πυρίβια]
525 2149 594 2186 De
622 2151 819 2199 κυριβιόις
851 2163 950 2188 vero
981 2148 1079 2188 vide
1099 2151 1215 2187 Foes.
1245 2148 1290 2187 in
1313 2148 1475 2189 Oecon.
1503 2145 1623 2196 Hip-

189 2221 305 2261 pocr.
337 2207 379 2244 in
397 2203 583 2260 κυρήβια.
642 2204 772 2244 Iuno.

302 2261 436 2314 οἶνος]
468 2262 517 2299 A·
544 2269 586 2299 et
614 2261 660 2298 P
693 2259 742 2298 V
775 2262 884 2301 οίνου
904 2258 1075 2307 ἔπαινος.
1102 2256 1214 2309 ἤδυς.
1260 2258 1358 2298 SEB.

302 2317 435 2370 οἶνος]
467 2314 611 2355 Hicin
637 2316 682 2356 C.
710 2314 761 2354 A.
794 2317 1078 2368 praemittitur
1106 2316 1278 2354 titulus.
1307 2317 1414 2356 οἴνου
1443 2311 1620 2360 ἔπαινος.

192 2379 404 2428 δευτεριάς.
432 2373 603 2425 Ῑῑῖεεγεῖι.
636 2372 678 2409 in
707 2372 967 2424 Δευτερίναρ.
1002 2382 1043 2410 et
1075 2372 1298 2409 Galenusl.
1330 2384 1365 2410 c.
1404 2367 1511 2419 οἶμος
1539 2370 1623 2419 ἰξε-

192 2450 357 2483 σιηκως,
385 2428 555 2483 fugiens·
576 2429 781 2466 mucidum
802 2430 953 2466 vinum.
1011 2427 1183 2466 KUEHN.

304 2498 439 2549 οἷιος]
469 2498 567 2535 Post
584 2493 808 2547 φαυλότατα
829 2495 872 2532 in
899 2495 986 2533 MS.
1019 2508 1152 2532 novus
1174 2493 1343 2533 titulus:
1375 2509 1483 2533 οινου
1503 2490 1622 2533 ἕπαι-
1687 2519 1690 2524 ·

192 2573 270 2605 νος.
302 2565 344 2595 et
363 2555 498 2608 τμῆμα
515 2552 695 2607 incipit.
726 2549 866 2601 “Ηδυς,
899 2549 1113 2605 prioribus
1130 2550 1293 2590 voculis
1317 2548 1479 2588 duabus
1498 2548 1620 2587 omis-

194 2612 262 2654 sis.
319 2612 443 2651 IUNG.
