1670 2938
221 123 303 163 τεο
820 115 895 164 lv.
955 128 1048 170 118.

333 228 380 275 w*
413 231 456 275 δὲ
483 233 709 288 ἐπίβλημα]
754 234 848 278 MS.
880 233 926 279 to*
957 238 1000 280 δὲ
1027 238 1251 293 περῖβλημα
1281 237 1500 298 ’γλαύκινον
1524 241 1658 298 ἤμηλ.

222 287 284 327 εἷο
303 303 402 329 sane
423 299 465 328 et
486 301 607 330 antea
631 306 757 346 segm.
789 307 925 346 praec.
957 295 1057 335 fuit.
1100 296 1226 337 Imm.

335 345 416 384 Sed
435 350 559 385 ves-tis
582 348 779 401 Satyrica
796 359 857 388 est
881 352 989 404 εἴα]
1034 351 1259 395 casaubon.
1291 354 1348 394 ite
1380 355 1496 395 hunc
1518 359 1658 396 locum

221 404 392 453 interpr.
455 404 652 455 Satyrica
675 409 799 444 vestis
819 415 858 444 et
878 408 1049 446 hinnuli
1065 410 1199 460 pellis,
1228 412 1293 449 vel
1312 416 1524 465 caprinae,
1554 427 1661 465 quae

220 461 344 496 ves-tis
366 460 481 497 dicta
513 461 608 513 αἰγῆ
636 470 676 499 et
705 459 840 515 ἱζάνη,
873 473 911 502 et
931 465 1068 517 ιραγῆ.
1099 465 1305 505 interdum
1330 477 1369 506 et
1384 470 1661 522 pardalinam

219 516 403 553 textilem
417 525 578 567 gerunt.
609 519 706 556 item
730 520 874 558 Liberi
888 525 1026 572 patris
1046 530 1220 570 scutum,
1244 523 1353 574 quod
1369 523 1543 579 θύραιος
1561 531 1659 568 Λιο-

215 570 405 620 νυσιακός
430 572 601 611 dicitur.
665 575 837 614 Clzlanis
862 591 883 614 e
894 578 1076 627 floribus
1101 579 1287 630 pallium
1315 583 1555 632 puniceum,
1585 590 1660 620 tu-

217 630 317 666 nica
344 628 490 675 densa,
526 638 738 680 gestamen
765 633 1022 683 suenorum,
1065 648 1170 686 qaae
1201 637 1380 690 χορταῖος
1409 640 1654 691 appellatur.

215 683 305 724 vid.
334 693 423 725 not.
459 686 608 724 Graeci
630 697 768 726 textus
789 692 916 742 paulo
936 690 1061 733 infra.
1119 690 1221 730 Smi-

327 742 462 795 ’νιβρὶς
481 743 605 796 αἰγῆ]
636 745 680 786 Ρ.
706 748 857 798 νεβρῖς,
890 749 1010 802 αἰγίς.
1068 747 1167 788 SEB·

326 800 458 852 νεβρὶς
488 801 604 854 αἰγῆ]
653 801 757 840 Post
793 805 930 856 νεβρίς
957 803 1371 860 interpungendum;
1405 820 1500 848 nam
1525 808 1657 861 νεβρῖς

214 854 384 895 hinnuli
402 858 578 904 cervini,
610 858 706 910 αἰγῆ
726 862 903 910 caprina
919 861 1040 911 pellis
1062 869 1135 901 est.
1192 863 1368 906 KUEHN.

328 926 464 977 νεβρῖς
495 924 616 980 αἵγῆ]
653 925 722 964 Sic
744 940 842 967 sane
862 926 1081 975 hactenus,
1113 929 1252 980 credo,
1284 930 1355 970 hic
1377 934 1496 972 locus
1519 934 1655 971 lectus

212 980 314 1028 fuit,
347 995 423 1020 nec
453 982 548 1022 MS.
579 980 823 1036 distinguit.
855 982 960 1022 mihi
991 998 1092 1024 vero
1121 985 1292 1026 videtur
1326 1001 1415 1029 esse
1442 987 1657 1027 interjici-

213 1035 368 1075 endum
403 1052 577 1088 comma,
609 1047 651 1076 et
681 1039 946 1079 scribendum
975 1044 1132 1095 νεβρῖς,
1162 1043 1270 1096 αἰγῆ.
1309 1053 1357 1083 ut
1386 1044 1553 1084 scilicet
1580 1043 1653 1081 illa

212 1093 269 1132 sit
291 1093 412 1145 pellis
432 1094 529 1143 alia,
569 1093 620 1133 de
645 1093 828 1135 hinnulo
855 1097 1028 1136 cervino
1047 1109 1165 1151 puta,
1200 1100 1316 1152 quali
1337 1110 1380 1140 et
1401 1115 1492 1139 mea
1516 1098 1653 1139 Chloe*

212 1163 256 1188 se
277 1150 564 1204 succingebat.
596 1150 644 1206 τῇ
658 1154 808 1203 νεβρίδι
826 1151 1038 1205 ἕζαῖννυτο,
1071 1154 1131 1194 ait
1154 1157 1328 1208 Longus
1351 1157 1548 1198 Poemen·
1575 1154 1650 1194 lib·

211 1205 246 1246 J.
279 1205 354 1243 ubi
378 1205 414 1244 si
435 1206 612 1252 miraris,
646 1206 758 1246 unde
784 1209 846 1246 illi
867 1213 1096 1261 pastorales
1115 1211 1307 1252 homines
1328 1227 1473 1253 cervos
1493 1211 1655 1252 fuerint

210 1262 356 1301 venati
378 1273 417 1300 et
438 1277 524 1301 non
550 1263 692 1316 potius
716 1267 898 1316 capellae
921 1264 1181 1305 detraxerint
1201 1271 1377 1320 pellem.-
1408 1269 1528 1324 quasi
1551 1281 1650 1308 vero

211 1332 299 1357 non
323 1317 393 1356 isti
415 1319 456 1356 in
481 1319 699 1358 montibus
722 1331 764 1358 et
784 1321 916 1373 sylvis
939 1331 1156 1374 pascentes
1178 1338 1328 1376 pecora
1350 1327 1516 1378 saepius
1536 1334 1577 1364 et
1599 1323 1651 1362 ad

211 1377 376 1426 spelaea
406 1375 586 1414 ferarum
628 1376 795 1428 possint
831 1378 1024 1431 evagari:
1075 1378 1147 1416 ubi
1185 1394 1284 1420 sane
1316 1395 1401 1420 non
1432 1381 1648 1420 venatoria

210 1440 297 1470 arte
323 1445 429 1484 opus
459 1431 508 1469 ad
542 1432 652 1471 fetus
682 1432 788 1472 istos
813 1436 972 1472 lacteos
1003 1443 1046 1474 et
1076 1438 1216 1488 pullos
1243 1447 1429 1476 recentes
1464 1437 1649 1476 eximen-

210 1486 308 1527 dos:
338 1487 476 1540 possit
493 1487 576 1526 hoc
596 1488 781 1527 rusticus
805 1490 946 1543 quivis
961 1519 972 1537 ‚
1007 1491 1080 1544 qui
1105 1505 1228 1546 saepe
1248 1495 1316 1532 vel
1334 1495 1517 1546 leporem
1539 1493 1651 1531 iuter

211 1546 320 1584 olera
344 1553 497 1597 captat.
527 1542 610 1586 Sed
634 1544 740 1598 quid
764 1546 913 1600 nugari
934 1546 1087 1586 iuvat?
1119 1547 1292 1601 Satyros
1311 1548 1520 1588 eiusmodi
1538 1551 1649 1602 pelle

210 1601 373 1639 cinctos
394 1603 462 1640 vel
484 1604 612 1640 multa
635 1602 779 1640 Nonni
794 1605 888 1642 loca
911 1601 1090 1643 doceant
1119 1613 1160 1644 te
1181 1605 1225 1643 in
1244 1605 1334 1645 eius
1354 1607 1647 1658 Dionys-iacis:

210 1671 233 1696 e
255 1656 439 1711 quoiam
473 1656 545 1695 hic
575 1658 818 1697 occurrebat
846 1659 919 1700 lib.
949 1659 1049 1700 XII.
1077 1662 1144 1703 καὶ
1163 1659 1338 1712 Σάτυροι
1359 1671 1438 1702 etc.
1497 1660 1652 1704 Σῐικτοῖ

207 1715 544 1773 περισφίγξαντες
570 1715 744 1768 ἐπωμίδι
763 1715 941 1770 δέρματα
963 1717 1128 1770 νεβρῶν.
1188 1718 1362 1757 Scilicet
1387 1717 1453 1756 ini
1477 1727 1650 1757 venatu-

206 1785 292 1810 ram
313 1784 507 1810 exercere
526 1771 704 1809 ferarum
727 1785 748 1809 a
767 1772 910 1811 Po'e'tis
933 1771 1151 1826 finguntur
1173 1774 1313 1821 etiam,
1346 1783 1389 1813 et
1409 1774 1551 1812 taliter
1572 1789 1649 1815 ve-

206 1826 299 1865 stiti
326 1826 448 1870 multi
468 1827 511 1864 in
541 1827 706 1865 Baccha·
737 1828 942 1867 comitatu
963 1829 1159 1870 adversus
1191 1830 1337 1871 Indos.
1395 1830 1648 1883 Scripseram

206 1883 279 1930 ita,
309 1892 351 1922 et
371 1892 518 1921 nactus
542 1882 607 1921 fui
631 1883 868 1922 casauboni
896 1886 1030 1924 nostri
1061 1885 1111 1926 de
1138 1886 1327 1939 Satyrica
1347 1887 1477 1938 poe‘si¹
1498 1886 1644 1935 libros,

207 1938 283 1976 ubi
311 1937 386 1977 lib.
416 1938 452 1977 Ῑ.
485 1952 574 1991 cap.
603 1937 641 1980 4.
674 1950 809 1979 totum
831 1940 945 1980 hunc
967 1943 1205 1995 Satyricum
1236 1942 1427 1981 habitum
1447 1942 1644 1996 explicat,

208 2003 250 2033 et
272 1993 417 2033 eodem
449 1995 576 2033 modo
602 1994 845 2050 distinguit,
873 1998 940 2036 uti
963 1997 1055 2037 dixi
1085 1997 1444 2053 distinguendum.
1502 1998 1648 2038 Lubet

206 2059 250 2089 et
270 2051 360 2089 cius
389 2050 474 2088 loci
506 2050 640 2089 totius
667 2051 901 2094 adscribere
932 2055 1186 2095 versionem:
1223 2056 1413 2107 Satyriea
1439 2056 1564 2092 vestis
1587 2063 1647 2092 est

207 2106 382 2145 hinnuli
403 2107 536 2158 pellis,
566 2109 634 2145 vel
652 2111 844 2160 caprina,
875 2125 981 2162 quae
1013 2114 1135 2149 vestis
1160 2111 1277 2149 dicta
1304 2110 1399 2163 αι’γῆ
1421 2119 1459 2149 et
1474 2107 1588 2159 ι’ζοῖνη
1607 2119 1646 2148 et

206 2164 344 2218 τραγῆ.
376 2162 586 2201 interdum
613 2171 651 2201 et
676 2166 950 2215 pardalinam
977 2169 1159 2207 textilem
1184 2175 1345 2219 gerunt.
1378 2169 1477 2203 item
1503 2166 1648 2205 Liberi

204 2223 342 2272 patris
367 2227 550 2267 scutum,
590 2221 704 2271 quod
723 2220 892 2274 θύραιος
924 2220 1192 2271 Διονυσιακός
1222 2222 1389 2260 dicitur.
1434 2222 1597 2262 clzlanis
1627 2241 1647 2262 c

196 2276 382 2327 floribus
398 2304 408 2321 ‚
434 2276 619 2326 pallium
645 2280 887 2327 puniceum,
918 2283 1065 2321 tunica
1086 2279 1230 2329 densa5
1250 2285 1460 2331 gestamen
1481 2279 1645 2318 Sileno-

208 2347 368 2381 noram,
398 2345 504 2384 quae
523 2334 705 2386 χορταῒος
722 2335 972 2383 appellatur.
1030 2337 1160 2374 Iuno.

317 2392 452 2441 νεβρῖς
476 2387 598 2446 αἰγῆ]
627 2388 808 2427 Addidit
841 2389 1161 2431 distinctionem
1192 2389 1478 2430 commaticam
1497 2392 1645 2430 ΚιιεῘι-

209 2447 302 2483 ηἰιιε
323 2453 421 2496 post
441 2448 588 2498 νεβρῖς.

320 2495 488 2554 ἰξοῖνην]
534 2501 711 2542 casaub.
740 2500 813 2539 lib.
843 2503 879 2543 I.
909 2501 959 2542 de
993 2503 1130 2555 Smyr,
1157 2503 1284 2540 Poe'si
1311 2516 1406 2556 pag.
1442 2500 1530 2543 158.
1565 2517 1642 2555 pro

209 2555 347 2605 ἰζοῖνη,
377 2556 544 2609 inqui&
566 2571 670 2611 quae
700 2571 783 2596 vox
804 2559 929 2609 alibi,
964 2559 1075 2612 quod
1097 2558 1237 2608 sciam,
1267 2573 1353 2597 non
1383 2567 1512 2603 extat,
1545 2559 1644 2596 scri-

210 2612 387 2652 bendam
413 2614 606 2667 suspicor
632 2611 768 2666 ι’ζᾰλη,
799 2617 867 2655 vel
896 2615 1030 2667 ἰσάλη,
1062 2629 1168 2669 quae
1186 2614 1470 2655 vetustissima
1491 2613 1645 2668 depra-
