1690 2944
188 129 269 172 370
814 122 871 160 11.
931 127 995 165 82.

191 233 373 308 ὀνόματα
405 235 473 277 και
511 251 610 276 κατα
650 231 878 284 συνθισιν,
908 232 1032 284 δῆλα,
1067 235 1150 276 οἷον
1183 232 1367 283 α’κουειν,
1402 231 1632 286 ὑπακούειν)

193 291 479 344 οἷξιοῖκουστον,
514 289 800 340 ἀνηκουστεῖν,
828 288 1035 339 ἀνηκόως,
1068 290 1162 346 (ριο
1191 305 1274 344 quo
1303 294 1433 343 vulgo
1449 292 1634 359 nomen)

194 347 450 415 ανηκουστία,
479 346 679 402 ἄκουσμα,
716 348 783 389 καὶ
801 363 850 388 τοι
868 363 1047 390 tomum.
1088 350 1280 401 Αισχίνης
1302 350 1344 390 δὲ
1366 347 1391 389 o‘
1410 343 1540 403 ῥήτωρ
1563 366 1637 426 ‘xm

194 421 286 460 axo.
342 404 475 444 IUNG·

305 458 436 503 οἶκοαί
449 459 463 511 ]
525 459 626 499 Post
658 457 776 502 duom
804 473 857 500 ex
896 457 990 504 MS
1029 459 1383 523 Falekenburgius
1416 459 1477 499 ita
1512 469 1637 514 auget

196 526 385 557 nostrum
403 515 631 556 Pol-iucem.-
660 510 722 565 τό,
755 531 798 558 τε
816 513 933 569 μέρος
952 517 1021 558 και
1042 532 1086 558 το
1118 514 1234 570 ἔργον
1249 510 1425 557 α’κούειν.
1454 516 1522 555 uti
1549 516 1638 557 fere

196 583 238 613 et
262 573 319 615 Cl.
342 573 676 624 langermannus
698 587 749 611 ex
767 586 845 611 suo
866 570 959 614 MS.
988 582 1033 613 et
1049 589 1070 615 ο
1093 573 1314 628 μακαρίτης
1333 585 1447 611 meus
1465 573 1636 612 Praece-

197 639 294 683 ptor
313 643 367 669 ex
391 628 438 670 C.
470 629 520 671 A.
554 637 597 668 et
619 629 671 669 V.
703 627 898 668 afferunt.

307 692 439 751 οἷκοὴ]
491 695 538 735 Ρ.
570 694 624 736 V.
660 709 825 735 rursum
852 693 984 739 οἷκοαῖ.
1043 694 1143 737 SEB.

308 762 409 814 οἶκοη
401 761 436 816 ]
473 763 577 803 Post
595 760 696 813 οἷκοη
712 762 758 802 ἰιι
802 763 852 804 G.
880 763 929 806 A.
958 761 1163 816 sequitur.
1179 766 1240 804 αἱ
1265 760 1308 804 δὲ
1327 763 1372 812 ἐξ
1396 759 1528 804 αὐτων
1545 777 1639 816 σχη-

198 816 456 890 ματιζόμεναι
471 819 619 870 λέξεις·
649 817 803 889 (dein
790 835 834 867 ιιι
853 818 1060 874 margine)
1090 821 1157 861 καὶ
1178 817 1279 861 zato?
1296 817 1490 861 σύνθεσιν
1507 818 1640 868 δῆλαι,

201 880 282 921 οἷον
298 872 471 925 ακούειν,
499 874 732 918 υπακούειν.
763 885 806 916 et
829 876 875 915 in
899 885 1019 916 textu
1041 875 1212 915 iterum:
1243 873 1517 926 οἶξιάκουστον,
1549 874 1641 925 ἄνη·

202 934 376 985 κουστῶ,
415 929 609 984 ἀνήκοος,
638 931 902 983 ἀνηκουστία,
930 932 1127 999 ἄκουσμα.
1166 932 1362 1000 Αἰσχίνης
1390 933 1432 974 δὲ
1461 949 1482 973 ο
1510 928 1641 985 ῤ’ἦτωρ

203 994 271 1034 καὶ
293 986 481 1043 deodatum
505 989 590 1031 εἷπε
615 1006 651 1031 κ.
681 1008 721 1030 α.
750 991 842 1035 δ...
846 985 1062 1030 ,Πλάτων
1084 988 1126 1030 δὲ
1148 986 1343 1040 ξυνήκοοι,
1366 991 1436 1030 καῖ
1457 987 1641 1030 εἰσακοῦ-

203 1065 287 1096 σαι,
314 1044 463 1101 quod
451 1059 498 1083 m
520 1045 706 1098 margine
727 1054 816 1112 est3
811 1017 932 1084 *tum
966 1044 1012 1083 in
1046 1053 1186 1084 textu:
1215 1047 1287 1087 καὶ
1309 1042 1473 1094 εὖήκοσς
1497 1061 1532 1099 y.
1556 1059 1587 1086 ε.
1607 1059 1640 1085 ε·

203 1121 247 1146 π
267 1120 313 1157 φ.
333 1121 366 1144 τ.
391 1119 427 1144 κ.
458 1102 559 1156 ἐρεῖς
584 1103 625 1143 δὲ
651 1118 791 1156 κωφος
802 1076 1006 1155 κωφότης
1032 1101 1078 1138 in
1102 1101 1309 1168 margine.
1335 1099 1434 1140 dein
1464 1100 1512 1139 in
1541 1109 1642 1140 tex-

206 1169 278 1200 tu:
319 1158 474 1213 κυψὲλη
510 1159 578 1200 και
603 1173 640 1199 ιι.
671 1173 705 1199 ο.
736 1172 768 1199 ε.
795 1176 830 1199 τ.
860 1176 898 1199 α.
917 1174 954 1211 ρ.
981 1155 1270 1206 ἐμπεπλῆσθαι
1301 1174 1372 1207 την
1408 1173 1446 1198 α.
1487 1156 1640 1196 iterum

206 1216 458 1271 marginale‚
489 1216 557 1257 και
583 1208 874 1268 ἐμπεφροῖχθαι
902 1212 954 1255 ta*
982 1230 1065 1254 ωτα
1092 1216 1160 1255 και
1192 1214 1396 1267 ἐπιλαβεῖν
1419 1214 1463 1256 δὲ
1488 1230 1537 1255 τα
1563 1209 1643 1254 ωτα

205 1273 295 1315 ταῖν
312 1273 440 1326 χεροῖν
458 1271 679 1324 φραγνῦναι
708 1272 776 1312 καὶ
805 1270 1000 1324 ἐπισχεῖν,
1032 1272 1102 1311 καῖ
1124 1286 1157 1312 οι
1149 1269 1188 1309 γιι
1213 1269 1463 1324 τεθρύλληκέ
1489 1285 1566 1323 μου
1594 1285 1642 1310 τα

206 1325 290 1369 ὦτα
316 1327 401 1367 huc
425 1340 556 1380 usque
579 1326 818 1381 marginale.
848 1326 1009 1368 ἐπὶτῶν
1031 1327 1125 1379 ἔνγ.
1149 1342 1190 1365 π.
1211 1343 1247 1366 τ.
1266 1343 1311 1367 ω
1331 1342 1370 1367 κ.
1389 1342 1426 1367 κ.
1449 1342 1496 1367 ω.
1526 1325 1641 1378 ἕρεις-

209 1383 270 1423 ita
305 1382 433 1423 habet
472 1383 520 1422 C.
552 1385 600 1423 A.
655 1381 766 1422 hanc
811 1381 1039 1423 sectionem
1077 1395 1170 1421 cum
1201 1382 1289 1420 suis
1320 1381 1642 1436 Marginalibus.

206 1439 386 1479 Kumm.

893 1511 961 1551 82

321 1560 535 1618 ἀκρόαμα]
587 1562 897 1602 Themistoclem
927 1564 1047 1602 illum
1074 1575 1279 1601 summum
1307 1560 1488 1601 Athenis
1509 1561 1643 1602 virum

211 1619 371 1660 dixisse
401 1619 546 1658 aiunt:
577 1632 671 1657 cum
703 1633 756 1658 ex
785 1633 836 1659 eo
864 1628 1153 1673 quaereretur,
1186 1617 1296 1671 quod
1315 1632 1534 1665 acroama,
1571 1627 1645 1656 aut

209 1679 330 1716 cuius
346 1689 476 1714 vocem
493 1675 761 1714 libentissime
780 1676 967 1715 audiret.
996 1675 1115 1726 Eius,
1128 1689 1243 1728 aquo
1262 1689 1339 1714 sua
1351 1678 1482 1715 virtus
1495 1676 1644 1727 optime

206 1734 535 1786 praedicaretur.
565 1730 690 1771 Cicer.
721 1744 799 1784 pro
823 1731 951 1773 ΛνοῘι,
982 1744 1078 1786 pag.
1113 1729 1205 1787 189,
1235 1729 1274 1772 6.
1330 1731 1429 1771 San.

320 1801 362 1841 δὲ
401 1797 611 1852 Ξενοφῶν]
659 1799 792 1838 Deest
829 1797 1034 1864 particula
1075 1799 1116 1840 δὲ
1154 1808 1251 1838 ante
1287 1799 1373 1845 Ξεν.
1416 1797 1567 1838 desunt
1601 1805 1644 1836 et

209 1855 327 1910 φαῦλ.
347 1857 382 1897 ὃ
402 1872 436 1897 ο.
457 1860 521 1897 M.
542 1853 607 1896 οἷκ
639 1872 678 1896 α.
712 1873 749 1896 τ.
768 1851 976 1909 α’κροατης.
1004 1854 1111 1893 illud
1137 1854 1291 1907 φαῦλον
1320 1854 1480 1896 Comm.
1510 1853 1578 1894 avi
1607 1868 1642 1895 c.

211 1911 306 1964 487.
345 1909 549 1959 reddunt,
585 1925 706 1964 que-m.
736 1911 963 1949 Menander
996 1912 1172 1964 vulgari
1207 1911 1427 1951 admodum
1463 1925 1554 1949 voce
1578 1908 1641 1951 οἷκ.

211 1965 327 2020 quod
354 1974 397 2005 et
432 1967 490 2004 H.
517 1967 652 2019 Steplz
681 1965 754 2005 hic
784 1967 829 2004 in
858 1981 970 2006 oram
998 1968 1066 2005 sui
1099 1965 1258 2006 codicis
1287 1967 1386 2007 inde
1405 1965 1641 2008 adnotavit.
1673 1991 1675 1995 ,

209 2022 404 2063 Ceterum
424 2020 581 2061 Pollux
601 2023 711 2061 forte
738 2036 825 2062 non
843 2031 955 2062 recte
976 2022 1022 2061 id
1047 2022 1243 2062 vocabuli
1260 2021 1414 2073 reiicit,
1446 2036 1574 2076 quum
1601 2031 1665 2061 et

209 2077 323 2132 apud
354 2078 579 2116 Isocratem
607 2087 750 2118 extare
785 2077 949 2117 indicet
983 2077 1041 2118 Η.
1069 2080 1207 2130 steph.
1241 2077 1416 2132 adpend.
1451 2078 1502 2119 de
1525 2077 1640 2118 Dial.

209 2136 301 2175 Att.
329 2146 403 2186 cap
408 2131 505 2174 ..16
534 2134 710 2176 tm.111.
744 2143 786 2173 et
808 2148 843 2173 c.
867 2147 904 2187 7.
935 2133 1010 2172 ubi
1039 2144 1083 2174 et
1113 2134 1164 2173 de
1192 2135 1278 2172 illis
1310 2133 1463 2173 crebris
1493 2142 1690 2186 repre-'s‘

209 2187 488 2231 hensionibus
515 2189 739 2229 verborum
765 2190 997 2229 Menandri
1017 2189 1129 2243 apud
1148 2199 1349 2231 nostrum.
1407 2190 1530 2229 IUNG.

310 2253 538 2309 ξυνήκοος]
588 2257 636 2296 P
666 2256 717 2298 V·
755 2254 947 2307 ξυνήκοοι.
1004 2257 1102 2296 ΞΕΒ.

319 2321 532 2376 ξυνήκοος]
589 2321 685 2367 MS.
706 2321 918 2374 ξυνήκοοι.
957 2323 1070 2377 quod
1102 2322 1305 2362 convenit
1328 2336 1422 2361 cum
1447 2321 1508 2360 iis
1535 2335 1641 2376 quae

212 2383 302 2423 ν.1.
332 2387 505 2419 ‘auctore
532 2393 617 2419 non
636 2379 855 2418 nominato
877 2378 1070 2419 adferre-¹
1059 2393 1102 2416 m
1122 2376 1311 2443 συνήκοος
1337 2379 1398 2417 ait
1422 2378 1479 2420 H
1503 2379 1638 2431 Steph.

211 2436 256 2475 in
279 2435 406 2477 Thes.
464 2434 602 2476 Sedis
619 2449 703 2474 non
725 2436 965 2475 nominatus
986 2445 1133 2474 auctor
1153 2444 1216 2473 est
1241 2435 1332 2486 ipse
1353 2435 1498 2484 Plato,
1520 2435 1638 2473 cuius

210 2492 281 2531 illa
304 2491 385 2532 ieta
413 2501 513 2532 sunt
542 2492 616 2532 lib.
648 2491 717 2530 Iv.
746 2492 927 2560 Legum:
955 2487 1146 2542 μακάριοι
1166 2493 1208 2532 δὲ
1228 2496 1266 2532 οἱ
1287 2489 1470 2541 ξυνήκοοι
1489 2490 1568 2531 τῶν
1595 2493 1636 2531 ἐκ

209 2548 279 2596 τοῦ
301 2561 601 2603 σωφρονουντος
629 2564 825 2600 στοματος
851 2544 995 2589 ἰόντων
1022 2546 1157 2601 λόγων.
1205 2561 1257 2586 ne
1293 2547 1437 2600 itaque
1473 2545 1638 2584 dubites

210 2617 411 2657 reponere
442 2619 602 2646 mecum
630 2603 742 2658 apud
774 2605 1010 2655 Pollucem,
1045 2613 1093 2643 ut
1125 2604 1216 2645 MS.
1256 2602 1408 2652 habet,
1447 2599 1637 2653 ξυνηκοοι·

1680 2402 1690 2663 ἕ

1678 2733 1681 2773 .

1673 2786 1680 2900 ἱ

1671 2902 1676 2944 1
