1682 2956
223 81 302 153 ¹108
857 107 891 149 I.
952 112 1016 152 80.

329 275 649 333 ταλασιουογός]
678 277 722 315 Ρ.
755 276 805 315 V.
839 286 880 315 et
910 278 961 315 A.
993 275 1325 346 ταλασιουργικός
1385 279 1485 319 SEB.

330 334 593 387 σιτοποιικός]
632 334 680 372 C·
712 333 761 372 A
794 332 1101 383 σιτοποιηιικός.
1143 336 1208 376 Gl.
1233 338 1463 388 pistrinum
1499 334 1651 390 μύλων,

215 385 471 445 αρτοκόπιον,
493 391 697 444 pistrilla.
727 385 968 444 χειρομῦλων
986 391 1122 441 locus,
1152 391 1224 430 ubi
1243 390 1376 431 molae
1404 396 1652 433 manuariae

218 457 326 487 sunt.
388 448 564 486 hurum.

327 511 572 561 σιτοποιικός
591 513 727 567 οἶκος]
759 513 896 554 adfert
916 514 974 554 H.
994 514 1145 554 Iunius
1164 513 1386 555 Nomencl.
1419 514 1464 554 in
1483 516 1651 556 Pistri-

213 586 323 612 num.
381 572 608 612 Iunonum.

323 643 389 681 ἵνα
411 655 465 707 μη
488 637 672 692 μυλῶνα]
701 637 825 677 MSS.
856 637 880 678 ὅ
902 637 944 679 δὲ
960 634 1093 690 μύλων
1111 635 1183 681 οὐκ
1201 637 1393 689 εὕᾳηιιον.
1420 639 1518 681 εἶτα.
1545 640 1644 679 Sina.

324 701 389 737 ἵνα
406 712 461 748 μη
482 695 669 746 μυλωνα]
701 697 814 735 Pro‘
804 699 869 735 ιἰα
887 712 943 747 μη
964 704 1043 733 etc.
1074 694 1203 736 Labb.
1234 695 1259 735 ό
1275 698 1316 736 δὲ
1335 693 1458 747 μόλον
1478 712 1548 738 ουκ
1576 696 1622 736 εἶ’
1622 718 1646 726 -

210 769 355 804 φημον.
414 751 495 791 Sed
518 749 780 789 scribendum
805 749 884 788 hac
907 750 1070 791 ratione
1092 749 1252 803 μύλων,
1280 760 1329 790 ut
1349 751 1394 789 in
1413 751 1502 791 suis
1518 753 1642 793 MSS.

210 818 353 848 noster
376 807 547 845 Seberas
567 806 744 847 invenit.
803 807 925 848 IUNG.

319 875 504 929 μυλῶνα]
535 876 561 913 1.
595 870 745 927 μύλων.
775 875 956 917 ΡΙιανον,
985 870 1089 926 μῦλη
1110 873 1250 926 μύλων
1279 868 1403 926 μυλος
1431 871 1541 943 napo?
1560 877 1642 926 τοῖς

207 931 395 988 ὕστερον,
425 932 470 969 in
493 943 575 984 quo
610 930 794 980 fallitur,
826 930 860 968 si
890 930 1137 983 posterioris
1162 931 1310 971 aetatis
1328 930 1377 973 τό
1393 929 1529 984 μύλων
1551 945 1640 972 esse

207 992 314 1029 vult.
342 996 458 1027 extat
485 986 597 1026 enim
642 984 753 1037 apud
790 986 967 1037 Thucyd.
998 988 1027 1025 1.
1056 985 1094 1026 6
1133 1002 1174 1040 p.
1205 986 1301 1028 426.
1338 1004 1566 1037 σιτοποιους
1595 991 1640 1031 ἐκ

205 1063 285 1087 των
307 1042 501 1095 μυλώνων
517 1045 696 1093 pistores
718 1056 738 1078 e
753 1044 958 1092 pistrinis.
993 1040 1064 1081 sed
1087 1043 1160 1082 ille
1179 1052 1340 1082 tantum
1362 1043 1412 1082 ad
1432 1038 1556 1098 μύλος
1573 1059 1635 1084 re-

206 1102 358 1156 spicit,
389 1097 580 1164 illudque
598 1097 658 1136 ait
677 1112 763 1136 esse
783 1098 1007 1147 1ecentius,
1044 1099 1206 1137 Auctor
1225 1114 1323 1138 vero
1354 1114 1506 1140 nomen
1530 1099 1637 1140 illud

205 1154 439 1212 περιφραζει
461 1173 517 1204 ως
532 1152 603 1196 οὐκ
625 1154 805 1207 εὔφημον
824 1153 944 1208 quasi
967 1155 1075 1192 mali
1095 1157 1260 1206 ominis,
1292 1155 1388 1211 quia
1409 1156 1636 1210 pistrinum

204 1214 393 1266 antiquis
429 1210 620 1264 poenalis
660 1220 875 1249 servorum
909 1224 1047 1248 carcer
1084 1219 1185 1250 erat.
1253 1213 1469 1278 Interpres
1496 1211 1635 1253 reddit

205 1270 325 1325 quasi
344 1268 514 1322 legisset
534 1265 699 1315 etheid-9
731 1266 778 1305 C·
811 1265 951 1305 A·1ta
975 1266 1114 1306 effert:
1150 1265 1175 1308 ὁ
1195 1268 1236 1308 δέ
1259 1264 1397 1319 μύλων
1417 1263 1492 1311 ουίι
1514 1285 1633 1322 ευφη·

202 1343 287 1381 μου.
316 1323 454 1392 μύλων
474 1333 533 1362 est
553 1325 663 1361 male
681 1325 908 1361 ominatum
934 1322 1192 1363 vocabulum
1237 1324 1446 1364 Thomao'
1434 1339 1479 1363 m
1500 1327 1634 1365 Eclo-

199 1386 291 1437 gis,
317 1379 438 1435 μύλη,
466 1377 514 1422 ου’
532 1376 667 1432 μύλος.
725 1379 902 1418 limum.

300 1448 535 1518 Ηὸπτανεῖον]
548 1449 733 1489 Νιιηηεε.
755 1445 807 1485 ad
827 1446 1149 1498 Phrynichum
1137 1460 1180 1485 ln
1199 1460 1305 1486 voce
1322 1449 1542 1503 μαγειρεῖον
1556 1447 1629 1488 ha.

200 1503 311 1547 bet'
287 1501 500 1552 οπτοῖνιον,
529 1513 571 1544 et
591 1504 653 1542 sic
682 1512 794 1542 recte
823 1502 909 1557 legi
937 1502 981 1540 in
1002 1503 1096 1542 MS.
1128 1502 1268 1557 (credo
1285 1505 1534 1556 Phrynichi)
1554 1504 1630 1544 ad-

200 1564 358 1612 firmat,
398 1561 498 1617 quia
519 1560 580 1599 sic
598 1559 735 1599 Attici
761 1558 853 1598 usi.-
882 1573 959 1599 nec
978 1559 1100 1598 aliter
1116 1559 1244 1598 scribi
1267 1560 1389 1600 vult
1376 1574 1467 1614 ipse
1484 1562 1626 1614 Phry-

198 1619 545 1659 nichus.1uno.

307 1683 470 1740 ἕρεισός-
482 1683 501 1738 ]
534 1684 602 1723 Ita
633 1693 675 1724 et
701 1682 827 1723 MSS.
861 1680 1034 1720 dubium
1063 1682 1378 1737 peregrinumve
1403 1697 1456 1723 an
1477 1698 1625 1724 eorru-

197 1752 315 1797 ptum
339 1742 418 1788 sit,
449 1751 577 1794 atque
601 1738 714 1778 haud
734 1739 822 1779 scio
847 1752 897 1777 an
918 1739 1054 1792 ῥίσκος
1082 1742 1217 1793 (quae
1235 1753 1319 1779 vox
1342 1754 1429 1790 vn,
1464 1739 1552 1784 160.
1581 1750 1625 1781 et

196 1797 331 1849 alibi)
365 1806 508 1861 queat
512 1795 731 1846 substitui,
763 1810 856 1834 cum
878 1794 1070 1847 proxime
1101 1805 1299 1848 sequatur
1314 1793 1537 1846 α’ποθῆκαι.
1563 1799 1620 1836 D.

195 1852 409 1894 Hoesclzel.
442 1852 510 1891 cui
538 1861 674 1891 tamen
695 1851 861 1890 interim
889 1849 1002 1889 haud
1031 1850 1227 1904 displicet
1256 1853 1510 1903 coniectura,
1540 1867 1621 1908 qua

196 1919 339 1949 natum
363 1907 405 1947 id
425 1908 596 1948 verbum
618 1917 793 1961 putatur
813 1922 865 1946 ex
881 1908 981 1961 ἐρεῖς,
999 1909 1042 1950 δὲ
1063 1912 1130 1950 καὶ
1154 1906 1223 1950 α’π.
1255 1910 1318 1947 vel
1340 1909 1461 1948 etiam
1493 1912 1620 1958 εἴποις

194 1965 234 2009 δ’
251 1966 312 2008 ἄν.
369 1963 470 2005 SEB-

301 2031 486 2102 ἐρεισός]
516 2031 648 2071 Recte
667 2030 857 2071 diviseris
884 2031 1133 2070 vocabulum
1164 2030 1362 2086 legendo.
1394 2031 1478 2075 εἶτα
1501 2031 1619 2076 ὀπτα-

191 2090 299 2134 νεῖον
318 2106 361 2133 το
389 2088 613 2143 μαγειρεῖον
646 2089 766 2142 ἐρεῖς,
798 2107 850 2138 ως
881 2082 1093 2138 ἆποθῆκαι
1123 2097 1200 2126 etc.
1232 2088 1375 2126 deinde
1412 2087 1619 2133 ὀπτανεῖον

193 2149 304 2187 dices
333 2148 535 2213 culinamn,
567 2148 636 2185 vel
669 2155 718 2183 ut
755 2146 920 2184 Glossae
944 2144 1101 2183 habent
1128 2145 1331 2192 οιιοίηαηι,
1362 2147 1428 2182 uti
1449 2147 1616 2198 apothe-

192 2218 267 2243 cae
284 2212 382 2242 sunt
407 2204 548 2256 ταμιεῖα
578 2211 656 2241 ete.
688 2203 860 2254 Hesych.
885 2200 1118 2249 ὀπτανεῖον,
1151 2216 1194 2242 το
1220 2202 1458 2255 μαγειρεῖον.
1484 2203 1614 2242 Salm.

194 2260 320 2300 etiam
342 2274 397 2307 ex
414 2258 462 2298 V.
493 2258 541 2298 C.
572 2260 601 2298 l.
632 2274 673 2299 το
690 2275 732 2310 μ.
769 2260 882 2310 ἐρεῖς.
940 2257 1119 2295 ΚυιιΠΝ.

301 2312 481 2367 ἔρεισος]
513 2312 628 2368 Quid
650 2312 800 2367 ἑρεισος
821 2312 950 2352 fuerit
971 2327 1056 2351 non
1082 2311 1208 2351 facile
1230 2312 1420 2352 invenies
1441 2312 1515 2366 qui
1534 2312 1613 2352 tibi

192 2371 316 2413 dicat.
370 2369 486 2411 Mihi
509 2368 676 2424 quidem
695 2372 827 2423 ἐρεισμ
835 2367 878 2417 ὂς
902 2369 945 2406 in
964 2377 1144 2407 mentem
1166 2367 1296 2419 venit,
1328 2367 1399 2408 sed
1418 2381 1504 2406 non
1525 2368 1612 2423 legi

190 2426 299 2467 illud
319 2441 395 2480 pro
418 2429 535 2475 loco,
568 2425 642 2463 ubi
666 2424 766 2480 quid
792 2434 1020 2490 reponatur
1047 2425 1114 2462 vel
1142 2422 1392 2463 adservetur.
1449 2423 1610 2464 Audias

189 2483 334 2537 itaque
358 2492 400 2523 et
429 2481 502 2520 hic
533 2495 665 2521 meum
683 2483 936 2521 Salmasium
960 2477 1028 2521 τόν
1052 2477 1167 2520 πάνυ.
1232 2480 1354 2545 Quid·
1366 2481 1424 2518 cit
1442 2478 1608 2535 ἕρεισός,

179 2538 352 2594 [νυεινα
374 2552 568 2590 quaeras:
595 2535 695 2604 fait
724 2552 817 2577 cum
838 2538 1066 2575 divinarem
1096 2537 1252 2588 ῥίσκος,
1284 2538 1404 2574 cuius
1424 2538 1610 2575 meminit

189 2595 326 2637 l.v11
359 2602 397 2633 et
418 2597 524 2633 inter
542 2591 758 2646 ἀποθήκας
779 2596 1104 2634 vestimentorum
1126 2601 1311 2633 recenset.
1343 2606 1454 2636 nunc
1477 2596 1608 2632 traie-
