1682 2956
781 58 816 102 1.
831 98 836 103 .
874 63 941 104 21·.
1531 62 1589 102 29

134 183 282 216 contra
304 176 522 215 Iulianum
542 177 570 215 1.
601 189 645 214 x.
675 173 751 214 ubi
773 172 1064 214 Abrahamiim
1083 171 1373 215 Patriarcham
1402 170 1583 213 demon-

133 241 238 272 strat
271 241 387 272 certo
418 241 611 287 respectu
641 232 776 271 fuisse
799 228 1040 284 φιλοθυτην.
1067 229 1155 271 vid.
1184 240 1228 270 et
1247 230 1450 272 Philostr.
1480 233 1508 271 l.
1537 245 1579 272 v.

132 290 184 332 A
216 289 267 328 V.
300 303 335 328 c.
367 303 405 337 7.
436 287 592 328 deinde
624 288 754 343 legit,
782 285 1094 344 φιλεορτάστης,
1120 296 1163 327 et
1190 287 1273 327 alia
1313 287 1460 342 exigui
1493 301 1581 329 mo-

131 346 279 386 menti.
336 346 519 386 Kumm.

242 398 527 457 ἱερουργικός]
557 403 603 443 P.
631 403 686 446 R.
716 399 935 458 ῖερουργός.
992 402 1092 443 Snn.

240 458 410 513 ἔνθεος]
440 459 584 510 ἔνθεος
603 459 650 500 in
679 459 964 501 61.ιίὶνίηιιε.
1022 459 1204 508 Kumm.

809 533 890 574 21.

239 596 264 641 o‘
290 598 335 641 δὲ
362 596 617 654 ὕπερτιμῶν]
647 597 700 638 Ὺ.
734 596 782 638 C.
813 597 839 641 ἆ
869 598 912 641 δὲ
927 596 1210 664 ῥπερβοέλλων.
1244 597 1354 639 atC.
1389 595 1439 640 A
1470 594 1580 636 illud

124 652 417 709 ὕπερβᾰλλων
404 670 451 694 1n
474 655 663 710 margine
683 653 811 695 habet
834 654 1076 708 ascriptum.
1136 656 1318 695 KUEHN.
1582 658 1601 685 ‹'

236 725 499 779 δεισιδαίμων
520 726 556 766 δ.
570 724 591 777 ]
623 724 741 763 Haec
759 722 845 764 duo
868 722 1074 764 vocabula
1096 727 1439 777 superstitiosum,
1467 736 1586 773 non„

128 789 175 820 ut
195 781 404 835 Interpr'es
429 783 522 820 vult
536 811 548 829 ,
577 782 692 820 Deos
717 788 977 820 venerantem
1008 782 1305 834 timentemque,
1336 779 1576 834 designant.
1603 795 1607 798 ·

122 836 235 877 Nam
255 837 485 878 secundum
507 839 700 877 Servium
713 839 950 890 superstitio
973 845 1037 878 est
1058 839 1181 876 timor
1197 838 1434 890 superfluus
1455 845 1494 875 et
1511 836 1593 890 cle-¹

126 896 236 935 tiras
265 895 312 934 in
343 895 520 936 Aeneid.
560 899 600 942 8.
639 909 681 935 v.
726 893 813 950 187.
877 895 923 935 V
918 906 1003 933 ana
1042 899 1281 947 superstitio
1316 903 1584 947 veterumque

123 954 282 1005 ignara
308 953 509 992 Deorum.
540 950 733 1005 quamvis
771 965 858 992 non
889 950 1099 1000 diffitear,
1132 966 1236 1002 esse,
1263 950 1337 991 ubi
1371 950 1576 994 δεισιδαί-

121 1026 211 1063 μων
232 1009 276 1048 in
296 1008 450 1049 bonam
469 1017 631 1063 partem
651 1007 873 1062 accipitur.
931 1009 1110 1048 limum.

233 1079 450 1131 βλεπιδαῖμ
454 1077 548 1130 ων.]
585 1076 713 1118 MSS.
751 1078 1051 1132 βλεποδαῖμων·
1123 1075 1247 1130 [Vid.
1286 1076 1477 1117 Lobeck.
1519 1075 1598 1120 ads

121 1133 357 1188 Phrynich.
387 1149 429 1188 p.
460 1133 553 1229 763.
586 1133 638 1173 G.
670 1134 762 1188 12]
820 1135 1002 1188 Hesych.
1045 1142 1089 1173 et
1117 1134 1236 1177 Said.
1274 1136 1586 1211 mendatium?

121 1190 304 1232 addente
327 1191 404 1232 illo
431 1205 504 1245 qm
538 1205 623 1230 em:
654 1206 675 1232 ο
698 1208 781 1234 υπο
804 1189 926 1234 νόσου
945 1188 1259 1259 κατεσκληκως,
1263 1195 1332 1234 καῖ
1356 1191 1573 1248 κακόχρους

120 1245 204 1291 ὕπο
236 1245 462 1320 δαιμόνων·
493 1246 577 1287 hoc
598 1261 727 1288 veroz
752 1246 777 1291 o‘
797 1250 1107 1305 διεστραμμένος
1135 1266 1209 1300 τας
1233 1263 1372 1305 οψεις,
1398 1253 1467 1294 καὶ
1487 1250 1573 1294 οἷον

118 1301 200 1349 ὕπο
217 1304 418 1362 δαιμόνων
433 1306 610 1360 πληγειἎς
668 1304 769 1346 Smx.

229 1375 519 1429 filemdoee'wcwr
527 1374 544 1427 ]
585 1374 655 1413 Ex
698 1373 876 1428 Hesyclz.
914 1376 1277 1429 1.βλεπεδαίμων.
1319 1375 1394 1431 qui
1421 1377 1572 1418 morbo

117 1430 438 1486 superstitionis
465 1429 718 1480 contabuit,
751 1440 794 1470 et
824 1445 846 1470 a
876 1431 1011 1472 nimio
1031 1433 1300 1471 Daemonum
1324 1443 1442 1474 metu
1463 1449 1574 1474 con-

118 1488 252 1528 traxit
271 1487 563 1529 cadaverosam
581 1487 747 1527 faciem.
805 1488 955 1528 Solent
975 1489 1088 1528 enim
1112 1489 1403 1542 superstitiosi
1427 1491 1572 1533 lurido

118 1548 262 1585 colore
286 1559 387 1600 prae
409 1559 453 1585 se
476 1545 610 1592 ferre,
641 1557 685 1585 et
704 1545 796 1599 ipsa
817 1545 960 1584 statim
986 1545 1100 1585 facie
1121 1546 1271 1595 fateri,
1304 1547 1400 1601 quis
1421 1558 1573 1602 pectus

117 1601 324 1642 insederit
348 1601 518 1656 hospes.
549 1604 829 1656 βλεπεδαίμων
857 1603 1031 1643 Graecis
1057 1611 1118 1642 est
1136 1601 1160 1646 ὅ
1180 1602 1573 1659 ύποβλεπόμενος,ο“

116 1657 278 1714 ὑφορων
297 1657 369 1702 τόν
386 1661 583 1714 δαίμονα,
618 1659 692 1713 qui
709 1659 792 1698 sibi
813 1662 919 1699 male
953 1659 1107 1700 metuit
1126 1673 1149 1698 a
1167 1661 1417 1713 Daemone,
1449 1678 1572 1704 eum..

117 1730 196 1768 que
213 1716 328 1765 colit,
361 1730 415 1755 ne
433 1726 596 1756 noceat.
655 1716 834 1756 Kumm.

225 1783 452 1837 οἶθέμιτος]
484 1785 529 1825 Λ.
552 1792 593 1823 et
612 1783 660 1826 P.
692 1784 741 1826 V.
771 1782 1009 1838 αθὲμιστος.
1040 1783 1115 1826 sed
1135 1785 1181 1825 in
1205 1785 1289 1827 fine
1316 1786 1446 1828 huius
1466 1799 1566 1834 sect.

113 1842 162 1884 P.
194 1841 247 1883 V.
277 1840 456 1895 perinde
479 1849 527 1879 ut
549 1840 614 1881 ed.
646 1839 867 1896 α’θεμῖτως.
926 1842 1024 1886 San,

112 1966 151 2006 K
225 1906 405 1964 ἐναγής]
457 1907 602 1964 ἐναγής
659 1910 705 1949 in
751 1909 819 1950 Gl.
870 1920 960 1960 est,
1002 1913 1275 1966 inquinatus,
1328 1916 1569 1959 sceleratus.

155 1982 291 2006 υΕπΝ.

223 2020 472 2078 θεοστυγῆς]
503 2023 551 2064 C.
582 2023 632 2066 V.
660 2042 706 2067 το
739 2025 781 2067 δὲ
810 2024 1037 2081 θεοστυγης
1068 2024 1338 2082 τραχύτερον,
1345 2029 1570 2094 τραγικόν,

111 2079 188 2119 ubi
217 2080 327 2120 duae
365 2080 567 2120 videntur
603 2095 853 2122 concurrere
891 2083 1127 2134 lectiones,
1170 2087 1239 2125 vel
1273 2084 1472 2126 omissum
1504 2099 1570 2129 est

98 2134 179 2181 ’και
209 2146 310 2192 post
333 2136 591 2194 τραχύτερον.
651 2138 751 2177 Kun
757 2153 834 2179 ΠΝ.

220 2201 399 2258 ὀνόματα
441 2206 516 2259 δὲ]
558 2205 606 2246 C
635 2205 687 2250 A.
714 2204 891 2263 ὀνόματα
916 2209 988 2253 τοῦ
1015 2225 1056 2250 π.
1087 2209 1132 2248 in
1159 2209 1349 2266 malgine
1379 2224 1481 2253 vero
1504 2222 1568 2254 est

107 2278 159 2304 ‘tu
183 2262 478 2305 62.1{un111v.

803 2338 873 2378 22-

219 2395 422 2452 α’θεόιης]
462 2399 598 2440 Addit
629 2400 702 2443 hic
732 2403 780 2444 C·
813 2402 865 2442 Ὺ.
896 2403 996 2454 δῆλα
1029 2405 1072 2446 δὲ
1105 2405 1174 2448 καὶ
1199 2403 1251 2447 w*
1278 2404 1347 2461 ἐφ’
1375 2406 1564 2463 ἑκατέρου

105 2451 255 2498 τούτων
278 2453 462 2509 ῥήματα,
493 2457 673 2512 εὐσεβεῖν
696 2469 777 2502 etc.
838 2460 1019 2500 Kumm.

216 2522 520 2578 ἅνοσιουργεῒν]
552 2526 703 2566 Innuit
723 2529 884 2568 Auctor
901 2531 1217 2597 αἰσχρουργίαν,
1248 2545 1356 2586 quae
1389 2531 1434 2569 fit
1453 2529 1563 2587 αὗτῳ

106 2577 177 2629 τῆς
207 2580 344 2633 φωνῆς
375 2579 547 2637 ὀργάιω.
577 2582 664 2623 vid.
698 2585 880 2638 Hesyclc.
914 2585 959 2624 in
990 2585 1241 2642 λεσβιάζειν,
1273 2587 1346 2626 ubi
1379 2590 1558 2643 legerem
