1670 2938
144 118 226 159 844
733 108 828 173 71v.
887 111 980 158 1170.

145 241 233 267 esse
255 225 518 265 accusativus
543 225 592 265 ab
616 225 761 266 eodem
786 223 959 281 Κύπρὸς.
1019 225 1101 268 Sed
1137 226 1187 266 ad
1219 223 1352 267 cetera
1373 217 1471 270 'MS
1506 225 1580 281 qui

146 284 190 321 in
215 283 297 321 hoc
328 283 552 336 insigniter
574 284 730 334 variat5
754 283 867 336 quod
890 286 1206 335 Hippocratem,
1226 282 1441 322 -medicum
1461 292 1580 335 puto,

146 338 350 389 nominat,
387 337 497 392 apud
521 352 650 392 quem
667 341 749 377 tale
769 338 871 393 quid
892 339 1061 379 facilius
1085 339 1177 393 quis
1206 339 1414 378 coniiciat
1433 341 1582 391 prola-

146 404 250 441 tum,
283 407 409 447 quum
433 394 519 433 illis
549 408 673 447 saepe
704 408 783 433 usu
805 395 949 434 veniat
978 394 1028 435 de
1047 393 1301 464 ponderibus
1325 394 1580 433 mentionem

146 452 283 489 facere
304 450 448 493 variis.
506 453 662 489 Tamen
691 464 742 488 ex
765 451 1028 503 flipponacte
1049 454 1090 493 ἐν
1114 454 1170 505 τῷ
1190 447 1332 503 πρώτῳ
1357 447 1515 503 ἰάμβων
1540 458 1582 488 et

149 506 259 544 infra
293 506 448 546 dise1te
492 505 547 555 X,
586 505 674 547 115.
707 516 848 547 extat:
879 507 953 545 ubi
984 491 1157 560 quidem
1183 506 1274 546 MS.
1304 505 1492 545 defectus
1520 513 1583 544 est

147 562 230 600 isto
253 563 403 616 capite.
439 561 580 603 Alias
613 561 663 602 de
695 561 942 616 hemicypro
979 562 1064 601 vid.
1101 561 1284 601 Iiostum
1312 561 1406 603 eod.
1446 560 1518 602 lib.
1545 560 1582 600 Ι.

148 617 198 657 de
217 618 356 659 Mens.
388 632 476 672 cap.
503 618 566 660 16.
597 619 642 657 in
673 617 837 673 Κύπρος
862 628 904 658 et
937 617 1048 657 ibid.
1082 620 1208 671 paulo
1240 627 1335 657 ante
1359 618 1405 656 in
1432 613 1584 671 ἡμικύ-

146 690 276 730 πριον,
309 675 420 714 sicut
449 674 560 728 apud
592 675 773 727 Hecyclz.
802 684 844 714 et
867 675 1018 727 Epiph.
1050 682 1191 714 extare
1218 673 1292 715 ait
1346 673 1472 716 IUNG·

258 732 451 786 δευτέρῳ]
499 731 654 771 Vocem
676 735 807 784 μελων
828 730 990 772 demum
1014 744 1037 770 e
1057 729 1225 772 Msstis
1247 727 1409 770 addidit
1435 729 1585 769 Kueh-

148 789 256 835 nius,
288 801 416 842 quae
416 802 437 826 a
455 788 573 842 prius
603 785 730 828 editis
757 787 913 827 aberat.

259 846 442 899 μετρεῖν]
509 844 641 883 Deest
670 845 827 898 μετρεῖν
856 844 900 882 in
941 843 1033 885 MS.
1090 843 1200 883 Sane
1228 825 1341 882 istud
1373 841 1448 894 IV,
1463 816 1583 882 166.

148 900 292 942 statim
314 910 411 940 ante
438 900 623 952 positum
653 901 751 940 fuit.
811 899 941 939 IuNG.
971 905 975 909 ⁴

260 957 724 1011 παρακρουσιχοίνικος]
767 957 837 997 De
873 955 1279 1010 παροκρουσιχοινίκῳ
1320 911 1425 995 vid·
1447 953 1588 992 Hosti

151 1014 373 1053 Dissertat.
402 1012 452 1051 de
476 1012 691 1053 Choenice
723 1011 1206 1059 tm.1.n.56.1u1m,

259 1080 570 1134 κρουσίμετρον]
626 1079 676 1122 C.
706 1080 752 1122 A.
789 1092 876 1118 non
904 1077 1042 1129 habet,
1079 1087 1122 1118 at
1152 1077 1200 1118 C.
1227 1078 1280 1120 V.
1318 1081 1398 1132 leg.
1428 1092 1593 1132 κρουσι-

149 1138 322 1193 μετρῶν
376 1137 549 1178 Ktmflx.

260 1194 566 1246 κρουσίμειρον]
628 1190 722 1233 MS.
761 1190 1069 1256 κρουσιμετρῶν.
1112 1199 1155 1230 et
1187 1189 1355 1245 quidem
1388 1192 1502 1230 nulla
1525 1184 1589 1227 d'i-

151 1250 383 1289 stinctione
411 1257 510 1301 post
534 1249 745 1303 κωμῳδίᾳ·
775 1246 924 1293 unde,
934 1247 980 1285 ni
1012 1248 1150 1296 fallor,
1185 1261 1325 1286 veram
1360 1246 1588 1301 reperimus

152 1305 391 1346 lectionem.
422 1303 582 1344 scilicet
618 1304 677 1342 ita
703 1304 782 1343 ista
816 1301 1059 1344 scribenda.
1090 1303 1156 1344 καὶ
1183 1318 1279 1354 παρ.
1310 1304 1342 1344 ἒ.
1372 1321 1407 1346 τ
1437 1308 1590 1359 Κωμῳ-

153 1364 242 1416 δίᾳ,
273 1361 575 1427 κρουσιμετρῶν
604 1377 672 1403 τον
705 1361 1146 1413 παρακρουσιχοίνικον,
1177 1358 1361 1412 exponit
1390 1358 1589 1396 nimirum

87 1464 90 1467 ,
152 1432 531 1471 κρουσιμετρουντα.
560 1415 650 1456 vid.
691 1417 866 1468 Hesych.
898 1416 943 1453 in
975 1419 1284 1468 κρουσιμετρεῖν.
1314 1422 1357 1452 et
1373 1414 1428 1452 in
1457 1415 1589 1452 altero

155 1475 247 1519 illo.
306 1472 435 1528 Quod
464 1473 513 1512 ad
545 1472 777 1527 sequentia,
806 1480 953 1511 extant
973 1485 1019 1510 ea
1051 1480 1092 1509 et
1118 1470 1219 1509 alibi
1240 1469 1352 1523 apud
1370 1470 1590 1518 Nostrum,

155 1537 196 1570 ‘et
219 1541 270 1570 e'x
301 1529 353 1568 iis
383 1527 571 1569 ostendit
603 1531 663 1568 H.
696 1527 830 1580 steph.
873 1526 917 1565 in
945 1527 1031 1566 suis
1062 1525 1334 1567 animadvers.
1374 1524 1426 1564 ad
1453 1523 1588 1576 Adag.

154 1588 378 1625 Erasmum
401 1588 504 1625 male
523 1583 782 1624 confundere
801 1582 996 1640 ἰσοχειλὲς
1018 1592 1060 1622 et
1077 1583 1280 1638 ἐπιχειλές.
1308 1592 1357 1621 ut
1382 1594 1506 1634 supra
1531 1579 1591 1630 II,

153 1641 221 1699 89.
253 1641 467 1681 adnotavi.
524 1642 651 1681 Iuno.

264 1698 576 1752 κρουσίμετρον]
640 1699 856 1751 κωμωδίᾳ,
910 1694 1218 1750 κρουσιμετρῶν
1265 1694 1479 1734 Kuelmius
1513 1704 1590 1746 pro

154 1755 288 1810 priori
318 1756 539 1810 κωμωδίᾳ,
571 1757 863 1809 κρουσίμετρον,
893 1752 1097 1806 reposuit.
1371 1772 1374 1774 ·

263 1867 458 1921 ἰσοχειλῆ]
504 1866 638 1962 SCupra
664 1865 731 1914 ΙΙ,
762 1864 830 1934 89.
888 1866 986 1905 Sim.
1502 1889 1506 1893 -

267 1922 542 1976 ἰσοχειλῆ](]
547 1923 637 1964 ..Α
676 1939 726 1963 τα
747 1919 891 1977 πλήρη
921 1919 1100 1976 ἐπιχειλῆ
1124 1918 1167 1962 δὲ
1192 1916 1398 1971 κατωτέρω
1419 1934 1487 1960 του
1513 1916 1592 1970 χει-

154 1985 259 2028 λους,
285 1993 390 2031 quae
424 1987 561 2017 autem
586 1979 712 2030 plena
741 1987 853 2030 sunt,
886 1978 1082 2015 dicuntur
1110 1976 1308 2029 ἰσοχειλῆ.
1338 1987 1446 2028 qaae
1474 1972 1593 2024 infra

152 2035 331 2083 labrum,
362 2031 570 2088 ἐπιχειλῆε
598 2034 888 2082 exuberantia,
912 2029 1127 2088 ὖπὲρπλεα.
1159 2034 1207 2075 C.
1227 2032 1277 2073 V·
1305 2033 1496 2085 ἐπίμετρα
1513 2041 1591 2081 pto

151 2093 356 2145 ἐπίμεστα.
414 2091 584 2130 limum.

265 2149 323 2197 δὲ,
351 2163 400 2189 τα
417 2164 503 2189 κατ.
516 2144 540 2200 ]
591 2146 681 2186 MS.
714 2145 756 2187 δὲ
783 2164 868 2188 κατ.
908 2146 1000 2185 sine
1027 2142 1092 2190 τά.
1134 2152 1177 2183 et
1206 2141 1360 2182 ibidem
1401 2140 1593 2194 ἐπίμετρα

152 2218 230 2258 pro
252 2205 463 2256 ἑπίμεστα·
509 2201 623 2255 quod
648 2210 793 2242 tamen
828 2211 925 2241 ante
957 2215 1083 2256 segm.
1110 2197 1299 2253 praeced.
1322 2195 1519 2238 habebat.
1551 2205 1594 2235 et

154 2261 270 2299 infra
298 2260 358 2310 V,
393 2257 482 2300 154-
515 2258 638 2298 etiam
670 2267 731 2296 est
755 2260 967 2311 ἐπίμεστον
995 2268 1077 2296 tam
1107 2258 1235 2322 vulgo
1264 2268 1388 2308 quam
1419 2251 1464 2290 in
1496 2253 1593 2292 MS·

155 2330 280 2370 supra
297 2329 396 2356 vero
424 2315 481 2364 11,
513 2319 581 2370 89.
609 2312 682 2352 ubi
712 2314 890 2368 vulgati,
922 2313 1098 2368 ἰσοχειλῆ
1117 2314 1158 2353 δὲ
1185 2310 1234 2351 τοὶ
1251 2311 1466 2361 ἐπίμετρα·
1495 2308 1591 2348 MS·

153 2373 277 2412 aliter
311 2370 515 2421 variabat,
550 2368 599 2411 τοὶ
624 2371 819 2422 ἐπίμεστα
845 2371 992 2423 μέτρα,
1033 2367 1212 2432 ἰσοχειλῆ
1245 2365 1416 2419 λέγεται·
1453 2373 1502 2401 ut
1532 2362 1594 2401 ibi

153 2426 357 2467 indicavi.
408 2424 690 2466 Adnotandus
710 2436 751 2465 et
770 2429 888 2465 locus
919 2402 1412 2490 liesyclzii.’Em'p361a‚
1442 2419 1592 2489 πλνξρη·

151 2484 349 2526 τουτέστιν
365 2484 432 2525 ἐπὶ
451 2483 628 2536 κεφαλῆς
654 2484 722 2524 και
746 2500 800 2535 μη
830 2481 1037 2533 ἀπηγμένα
1069 2475 1315 2532 Φερεκράτης
1337 2478 1594 2531 βριθομένων

149 2537 322 2594 ,ιὲγαθῶν
348 2540 413 2581 ἐπι
439 2540 642 2592 τραπέζης.
677 2552 783 2593 quae
818 2538 915 2577 ideo
939 2536 1074 2586 attuli,
1108 2549 1160 2574 an
1185 2550 1237 2575 ex
1256 2544 1375 2587 parte
1393 2532 1595 2573 restitue-

154 2611 252 2646 iem,
284 2606 331 2635 ut
351 2596 491 2635 statim
515 2595 662 2635 dicam.
721 2595 852 2635 Imm.
