1682 2956
730 72 766 114 1.
825 76 893 118 26.
1492 75 1547 119 35

89 188 264 234 τάλαντα
288 187 393 239 ἔτεος
418 185 591 233 ἑκάστου
621 190 662 231 οἷ
686 188 882 243 χαλδαῒσι.
945 186 1029 229 Cui
1058 186 1166 228 libet
1192 185 1344 228 addere
1366 196 1408 228 et
1429 187 1546 227 hunc

88 247 227 287 nostri
255 248 468 286 Historia·
491 248 658 295 locum,
687 254 851 286 tantum
879 243 979 286 ideo
1013 254 1062 285 ut
1091 243 1358 285 emendetur:
1398 243 1546 285 eadem

88 305 201 345 enim
219 306 347 344 Musa
365 317 400 342 c.
435 301 528 359 198.
559 301 634 341 ubi
649 314 668 342 ε.
690 300 832 351 ὁσάκις
853 300 894 345 δ’
910 299 962 343 o'c'v
980 299 1118 360 μιχθῇ
1129 304 1293 357 γυναικῖ
1308 302 1359 359 τῇ
1388 300 1546 347 ἑωῦτοῦ

87 358 192 413 α’νῆρ
214 357 504 414 Βαβυλώνιος,
536 362 636 414 πυρῖ
653 361 845 414 θυμίημα
863 357 1172 413 καταγιζόμενον
1187 362 1269 409 ἵζει.
1300 358 1362 398 ita
1380 373 1446 399 me
1463 357 1544 398 ad-

87 418 257 458 monuit
275 418 480 457 Heinsiue
498 416 638 456 nostri
667 416 762 457 aevi
788 415 940 457 decus:
971 414 1117 456 Scribe
1137 414 1249 471 παροῖ
1268 417 1445 469 (nempe
1462 429 1542 468 pro

85 476 211 530 πυρὶ)
252 477 349 524 ἵζει,
387 483 437 513 ut
474 473 590 527 apud
626 475 856 512 Homerum
895 475 1091 512 Ionicum
1118 477 1305 524 poetam.
1363 472 1543 514 Scilicet

84 545 164 586 pro
185 532 366 584 παρίζει,
397 539 447 570 ut
468 533 610 570 solens
634 539 783 570 nostro
811 531 1033 569 Historia-o
1054 528 1355 584 coniungenda
1377 528 1541 569 disiun-

85 601 196 643 gere.
252 588 385 628 Iuno.

196 640 331 700 λύειν]
375 642 424 687 C.
462 643 516 684 A.
558 639 693 686 θύειν.
733 643 927 698 praefero
967 651 1108 684 tamen
1156 645 1376 697 vulgatum
1412 638 1538 694 λύειν,

85 700 203 755 quod
223 700 336 742 idem
361 709 426 741 est
451 714 546 740 cum
574 698 711 751 τῆξαι,
742 699 845 754 quia
865 699 965 739 thus
991 699 1086 755 igni
1111 698 1318 740 iniectum
1339 700 1541 758 liquescit

86 767 130 798 et
150 757 413 800 dissolvitur.
445 757 629 798 Kumm.
689 754 957 812 [Legendum
980 754 1112 799 θύειν.
1170 756 1340 812 Τοπικ]

194 815 404 867 καλεῖται]
436 815 481 857 Ρ.
510 815 564 853 R.
597 812 790 869 λέγονται.
848 814 951 854 Sms.

193 875 396 920 καλεῖται]
425 872 508 910 Pro
539 873 742 920 καλεῖται,
772 870 909 910 Labb.
939 870 1034 912 MS.
1065 879 1116 909 ut
1148 870 1285 910 Seberi
1310 886 1447 926 unus,
1475 872 1536 917 λε’·

83 943 246 984 rovreto:
275 938 319 970 et
339 927 532 968 additum
554 936 717 976 tamen,
745 943 808 983 γρ.
839 930 1034 972 καλεῖται.
1090 926 1227 972 Iuno.

197 997 443 1047 Θουκυδίδης
463 990 509 1038 ‹5'
534 991 641 1038 αὐτοῖ
657 994 767 1050 etc.]
796 995 894 1036 MS.
926 1004 1072 1035 noster
1092 994 1179 1036 ita:
1213 998 1463 1050 Θουκυδίδης
1482 1001 1537 1043 εἴ.

83 1069 207 1108 ρηκεν
234 1050 337 1096 aizo?
365 1052 534 1108 θύματα
561 1051 685 1108 α’γνοὶ,
724 1051 1063 1095 ἀντιδιαστέλλων
1092 1050 1194 1107 πρός
1229 1052 1281 1096 ἰα’
1317 1054 1362 1097 ἐν
1391 1062 1536 1111 aium«.

83 1110 370 1165 (adscriptum
407 1109 454 1149 in
493 1124 586 1162 ora,
624 1105 838 1158 οἷνατιθεῖς
874 1106 1077 1164 σμύρναν,
1123 1109 1374 1166 λιβανωτόν)
1411 1115 1537 1170 ἱερεῖα

80 1165 299 1223 προσάγειν
327 1176 406 1208 etc.
436 1167 570 1206 Lahh.
601 1180 690 1206 nou
719 1166 878 1213 variat,
910 1166 994 1206 nisi
1021 1166 1137 1222 quod
1168 1164 1269 1223 πρός
1296 1165 1348 1211 zoi
1374 1166 1536 1226 αῐμᾶσ..

83 1241 205 1267 ποντα
234 1223 376 1264 habet.
435 1222 554 1278 Quid
585 1222 773 1263 dicemus
798 1221 850 1262 de
883 1221 970 1263 hoc
996 1223 1134 1264 loco?
1162 1224 1296 1266 Verba
1324 1227 1421 1269 MS.
1447 1243 1534 1269 me..

82 1282 189 1321 liora
218 1295 308 1321 esse
335 1294 488 1334 nempe
515 1279 700 1335 vulgatis
733 1278 953 1319 existimo:
998 1294 1133 1334 eaque
1164 1281 1292 1322 etiam
1323 1282 1534 1337 probante

82 1337 189 1379 Viro
207 1336 436 1376 Eruditiss.
465 1337 562 1376 Βία.
590 1336 784 1378 Kemelio.
847 1335 1104 1377 Conveniunt
1130 1341 1264 1390 enim,
1294 1340 1356 1379 ait
1375 1339 1421 1379 in
1442 1342 1532 1381 suis

84 1408 188 1449 quas
214 1407 337 1434 servo
371 1392 532 1445 literis,
565 1407 658 1434 cum
684 1390 880 1432 Pollucis
903 1407 1030 1445 scopo
1057 1402 1096 1432 et
1116 1399 1351 1447 proposito:
1382 1411 1462 1450 quo
1482 1399 1533 1438 de

83 1451 359 1503 appellatione
384 1451 455 1493 τοῦ
473 1448 688 1506 οἷρώματος
716 1451 885 1502 agitur,
915 1464 999 1489 non
1022 1450 1073 1489 de
1093 1453 1369 1501 sacrificandi
1385 1455 1532 1510 aliquo

82 1509 169 1547 ritu
188 1516 267 1546 aut
288 1506 421 1546 modo.
477 1506 631 1562 Itaque
656 1506 729 1545 illa
746 1502 959 1554 α’νατιθεῖς
983 1524 1051 1559 σμ.
1075 1511 1153 1560 λιβ.
1183 1507 1350 1548 librarii
1371 1511 1534 1564 potius,

83 1577 208 1618 quam
227 1562 412 1603 auctoris
431 1563 559 1604 verba
582 1577 673 1603 esse
689 1561 864 1602 iudicat.
922 1562 1006 1604 Sed
1023 1566 1165 1604 locum
1193 1565 1450 1620 Thucydidis
1466 1567 1533 1621 ip-

82 1634 173 1660 sum
190 1649 202 1669 ‚
234 1628 284 1659 ut
309 1619 356 1658 in
384 1634 471 1659 rem
505 1628 768 1673 praesentem
794 1619 857 1660 ire
884 1633 1038 1676 queas,
1072 1621 1256 1675 proferri
1283 1622 1416 1662 malis.
1474 1625 1535 1666 Et

86 1675 309 1731 quaerenti
336 1675 444 1715 mihi
471 1675 705 1718 humaniss.
742 1684 787 1716 et
816 1674 989 1717 doctiss.
1034 1678 1089 1717 lo.
1125 1679 1281 1718 Camer.
1323 1678 1536 1722 indicavit

83 1731 199 1772 huno
226 1746 347 1782 esse,
379 1733 500 1772 cuius
531 1733 828 1772 auctoritatem
849 1731 1030 1774 advocet
1049 1735 1201 1774 Pollux
1225 1734 1300 1776 lib.
1335 1749 1370 1779 1.
1400 1740 1532 1794 ξυγγρ.

84 1788 173 1832 ἔστι
200 1787 278 1844 γάρ
310 1790 380 1832 καὶ
410 1787 649 1839 Ἀθηναίοις
678 1786 855 1840 Διάσια,
886 1787 915 1831 δι’
942 1792 1124 1833 καλεῖται
1152 1790 1258 1842 Διός
1279 1789 1398 1849 ἑορτή
1418 1802 1533 1838 Μει-

83 1848 215 1915 λιχίου
243 1847 435 1901 μεγίστη,
464 1845 540 1897 ἔξω
567 1846 638 1897 τῆς
663 1844 839 1896 πόλεως,
871 1848 912 1889 ἐν
940 1845 967 1903 ᾗ
992 1850 1192 1902 πανδημεῖ
1217 1846 1366 1893 θύουσι
1389 1855 1535 1895 πολλοὶ

84 1920 159 1957 ουχ
180 1905 322 1958 ἱερεῖα,
352 1900 455 1945 villo?
473 1900 644 1958 θύματα
665 1900 870 1958 ἐπιχώρια.
903 1914 947 1943 et
967 1904 1184 1944 existimat
1205 1907 1429 1947 Pollucem
1447 1923 1532 1949 me-

84 1959 218 1999 moria
247 1961 411 2013 lapsum
441 1973 519 2014 pro
546 1957 766 2014 ἐπιχώρια,
798 1957 903 2015 ἁγνοὶ
929 1958 1172 2013 scripsisse,
1203 1975 1334 2017 quum
1363 1973 1534 2017 putaret

85 2013 255 2071 θύματα
275 2024 318 2056 et
335 2017 490 2066 θυσίας
511 2014 624 2056 idem
639 2029 743 2065 esse,
772 2014 890 2070 quod
910 2017 1063 2056 falsum
1085 2017 1163 2059 sit:
1192 2029 1284 2059 esse
1305 2021 1417 2060 enim
1452 2021 1533 2064 θύ-

83 2090 216 2128 ματα,
246 2070 517 2127 θυμιάματα,
548 2074 618 2115 καὶ
639 2073 832 2127 πέμματα
851 2074 921 2115 καῖ
941 2069 991 2115 ra?
1006 2074 1184 2116 τοιαῦτα.
1223 2074 1414 2131 Ideoque
1438 2092 1533 2118 cum

85 2128 345 2170 meminisset
374 2127 504 2183 probe
534 2126 705 2182 θύματα
735 2127 849 2182 apud
876 2130 1148 2181 Thucydidem
1176 2133 1341 2186 opponi
1369 2136 1452 2183 τοῖς·
1472 2139 1535 2177 ἱε-

86 2187 232 2242 ρείοις,
265 2184 318 2225 de
344 2199 421 2224 suo
453 2184 659 2226 adiecisse
686 2184 803 2240 α’γνοέ.
833 2199 920 2225 non
951 2186 1064 2225 enim
1092 2187 1230 2227 visum
1258 2188 1298 2228 ei
1330 2189 1535 2231 credibile

87 2241 197 2297 apud
231 2241 509 2295 Thucydidem
535 2255 666 2295 genus
696 2241 862 2295 opponi
896 2242 1078 2295 speciei,
1110 2243 1207 2284 ideo
1237 2243 1341 2296 πρός
1357 2244 1534 2290 ‹imam-

86 2296 236 2355 στολήν
256 2296 466 2338 adiectum
494 2297 578 2336 sibi
608 2297 865 2352 persuasisse
889 2312 913 2337 a
939 2299 1179 2352 Thucydide
1206 2295 1321 2355 oc‘ym'.
1380 2302 1536 2345 Caere..

88 2369 176 2394 rum
198 2356 243 2393 in
265 2356 438 2408 vulgato
461 2355 636 2394 Polluce
655 2368 733 2408 pro
755 2354 1033 2407 αἱμάσσονια,
1067 2365 1189 2409 putat
1217 2357 1442 2412 legendum
1463 2366 1535 2403 αἱ-

87 2409 322 2464 μασσόμενα
345 2412 412 2450 vel
435 2408 699 2463 αἱματόεντας
729 2420 771 2450 et
790 2425 867 2464 pro
890 2414 1130 2462 α’νατιθεῐς,
1162 2409 1386 2464 α’νατιθείς.
1420 2417 1535 2457 Haeo

90 2466 162 2507 ille
189 2465 362 2509 doctiss.
403 2467 577 2506 amicus.
636 2467 731 2522 Ego
766 2481 1067 2522 usquequaque
1105 2467 1312 2508 adsentiri
1352 2485 1534 2526 nequeo,

90 2535 168 2562 neo
196 2522 365 2573 θύματα
400 2536 478 2576 pro
511 2522 684 2571 θυσίαις
727 2533 918 2562 nostrum
959 2525 1173 2576 accepisse
1214 2524 1355 2567 credo,
1416 2527 1534 2582 Quid

91 2578 265 2617 multis?
296 2577 425 2618 verbo
452 2593 584 2619 meam
611 2588 795 2619 mentem
823 2579 1052 2619 absolvam.
1112 2579 1227 2634 Quid
1245 2581 1282 2620 si
1309 2582 1415 2622 illud
1433 2583 1536 2638 ἁγνά

1171 2647 1263 2691 (32
