1682 2956
185 111 264 153 100
819 110 847 151 I.
903 113 969 153 76.

293 219 528 287 μισθωσαι]
563 219 797 260 Salmasius
828 222 899 263 hic
926 222 1127 264 subiicit·
1157 240 1236 266 των
1261 224 1306 268 δὲ
1305 225 1407 292 ,ἑξῆς
1425 224 1614 271 aomo&-

184 294 260 319 των
279 280 399 333 ἐχέτω
418 277 441 319 o‘
460 275 579 326 ἐασας
595 281 663 319 καὶ
685 296 740 331 μη
766 277 924 333 γράψας
950 278 995 322 τό
1014 280 1203 336 ἔγκλημα,
1227 281 1339 334 ἡμεῖς
1360 286 1402 326 δὲ
1429 284 1506 335 ἤδη
1525 302 1613 340 χω-

183 334 328 389 ροῧμεν
345 336 413 376 ἐπῖ
435 352 483 376 τα
503 331 654 386 πρόσω.
686 348 792 389 quae
809 335 913 390 quid
931 336 1013 376 sibi
1035 338 1169 377 velint
1192 337 1273 377 hoc
1304 341 1399 379 loco
1424 354 1512 379 non
1548 341 1612 379 vi-

184 390 278 431 deo.
339 389 516 430 Videtur
542 389 645 430 haec
676 390 801 430 verba
833 392 1074 446 ascripsisse
1112 393 1313 448 margini,
1355 395 1429 450 qui
1470 396 1612 436 voluit

182 445 356 495 docere;
398 445 560 499 reliqua
599 457 871 510 persequatur
911 449 980 488 cui
1021 449 1155 488 otium
1197 459 1281 496 eat,
1324 451 1482 506 quique
1523 465 1610 492 non

181 503 349 555 scripsit
382 501 516 540 dicam
555 501 708 553 alicui,
760 517 837 543 nos
873 503 955 544 iam
984 504 1037 545 ad
1074 505 1272 546 ulteriora
1302 507 1607 563 progredimur.

179 559 359 598 Kumm.

289 623 535 678 Ἡρόδοτος]
571 623 671 665 Clio.
688 626 735 681 f.
762 641 825 679 17.
859 627 1073 681 ἐμισθοιῗτο
1090 627 1192 682 παρ’
1212 645 1284 671 ουκ
1299 627 1520 680 ἐκδιδόντος
1540 648 1611 682 την

177 676 316 732 αὐλήν
347 689 491 720 cortem
518 683 714 721 conduxit
739 684 793 722 ab
821 698 864 722 eo
887 688 960 738 qai
979 700 1068 724 eam
1097 686 1263 725 vendere
1290 687 1465 728 nolebat.
1491 687 1609 742 prius

177 737 241 781 ed.
270 740 526 792 ἐμισθοῦντο,
557 748 599 778 et
620 741 736 782 ἐνδιδ.
766 741 890 792 Leop.
922 756 999 781 em.
1031 757 1069 796 7.
1101 756 1190 795 cap.
1223 757 1259 795 7.
1290 743 1389 784 SEB.

285 804 511 858 ἐκδιδόναι]
540 806 676 849 ΡῘιαν
705 806 860 847 retinet
887 808 1113 849 lectionem
1146 804 1341 852 ἐνδιδόναι
1367 819 1410 849 et
1436 807 1606 853 ἐνδιδόν·

173 880 252 913 τος.
284 864 388 902 male
413 863 481 901 Gl.
516 861 662 914 Cyrilli
690 865 879 930 ἐκδίδωμι
905 867 973 907 ἐπι
1002 866 1144 919 μισθῳ
1172 867 1356 912 conloco,
1387 867 1487 907 loeo.
1519 866 1606 907 vid.

173 930 216 960 et
234 920 395 958 Philox
427 918 494 957 Gl·
524 918 568 956 in
593 919 681 958 loco
691 918 945 973 ,ἐκδόσιμον,
973 922 1212 961 locantium
1241 924 1425 962 occurrit
1453 922 1497 962 in
1525 923 1607 962 iis-

173 974 266 1019 dem
288 974 463 1016 Glossis.
521 974 701 1016 Kumm.

282 1039 514 1094 ἐκδιδόναι]
543 1039 743 1085 ἐκδιδόναι
774 1052 817 1084 et
846 1044 1077 1097 ἐμισθοῦτο,
1110 1054 1159 1083 ut
1182 1044 1289 1085 bene
1314 1055 1458 1085 noster
1486 1045 1607 1084 Sebe-

171 1115 244 1139 νιισ
268 1098 404 1140 edidit
434 1112 486 1137 ex
524 1098 662 1136 Clione
686 1100 893 1139 Herodoto·
923 1115 1012 1154 cap.
1041 1099 1107 1141 68.
1142 1100 1194 1140 de
1222 1102 1355 1140 Licha
1380 1102 1603 1155 Spaniam,

171 1157 232 1195 ita
256 1168 425 1209 quoque
452 1160 509 1196 H
532 1155 670 1206 steph.
693 1155 738 1194 in
759 1155 905 1196 codice
928 1170 1008 1196 suo
1034 1157 1238 1208 reposuit,
1257 1157 1445 1197 indicato
1466 1161 1605 1197 locum

170 1211 375 1252 Herodoti
404 1224 491 1250 esse
518 1210 591 1249 lib.
625 1225 658 1251 1.
689 1225 731 1264 p.
772 1225 832 1266 17.
862 1226 960 1251 suae
992 1213 1153 1252 scilicet
1181 1213 1398 1255 editionis.
1456 1215 1515 1253 Et
1545 1215 1605 1252 ita

170 1271 222 1310 P
254 1266 497 1318 Leopardus
524 1267 710 1307 etiaml.
744 1281 782 1322 7.
817 1268 967 1307 emend.
1008 1284 1044 1314 c
1076 1283 1113 1321 7.
1143 1268 1219 1306 ubi
1251 1277 1388 1308 tamen
1413 1268 1603 1319 videtur,

171 1324 257 1364 alio
279 1325 460 1365 Polluci-s·
484 1321 629 1362 codice
651 1337 773 1373 usus,
809 1338 936 1378 quum
969 1303 1137 1392 quidem
1158 1327 1376 1378 vulgatum
1405 1323 1606 1368 ἐκδιδόναι

169 1389 380 1435 agnoscat,
401 1393 478 1432 pro
502 1393 586 1432 quo
608 1388 747 1420 tamen
767 1390 863 1419 ante
880 1380 985 1420 editi
1002 1377 1205 1424 ἐνδιδόναι
1223 1380 1426 1421 habuere.
1456 1395 1603 1435 quum·

170 1450 252 1490 que
283 1449 381 1489 pro
390 1435 609 1482 ἐνδιδόντος
637 1449 680 1474 se
710 1450 912 1489 reponere
940 1436 1053 1476 dicat
1080 1434 1324 1488 ἐκδιδόντος,
1360 1451 1444 1491 quo
1477 1446 1602 1490 pacto

169 1501 306 1532 tamen
323 1490 452 1531 iidem
478 1490 618 1530 editi
606 1505 687 1530 lam
713 1490 1097 1536 habebant.1unc..

279 1556 499 1611 ἐκδιδόναι]
530 1559 609 1599 Pro
636 1558 772 1612 priori
800 1556 1001 1603 ἐνδιδόναι
1028 1560 1153 1600 etiam
1181 1558 1380 1604 ἐκδιδόναι
1412 1560 1605 1614 reposuit

167 1618 342 1658 FAnczz.

851 1676 918 1716 76-

276 1732 370 1783 περῖ
397 1726 568 1792 μερῶν]
603 1727 828 1767 Tmematis
872 1726 1048 1767 secundi
1083 1728 1254 1769 titulum
1294 1740 1338 1770 et
1383 1728 1510 1770 verba
1543 1728 1602 1768 ita

168 1786 299 1826 Labb.
335 1787 428 1839 περι
456 1800 591 1850 μερων
626 1801 751 1826 οικου.
805 1787 909 1851 Πῇρι
940 1782 981 1825 δ’
1008 1785 1146 1827 οἰκιων
1180 1789 1354 1840 πλαγίαν
1384 1784 1519 1840 θύραν
1548 1802 1603 1834 ως

165 1848 205 1885 οἱ
224 1846 384 1885 πολλοί·
415 1849 502 1882 εἰτα
520 1838 637 1889 ου’δός
662 1841 729 1882 καὶ
748 1838 874 1915 θερος
893 1842 967 1894 μὲν
989 1840 1015 1882 o‘
1034 1841 1229 1895 στροφεδς
1248 1854 1328 1883 etc.
1386 1843 1515 1882 IUNG.

277 1912 346 1951 καῖ
371 1907 541 1962 θυρῶν]
574 1907 673 1957 Non
703 1916 766 1945 est
794 1907 840 1945 in
871 1908 919 1949 C.
951 1907 1002 1948 A.
1030 1923 1107 1948 nec
1135 1911 1356 1978 sequentia
1382 1923 1515 1964 usque
1548 1908 1601 1948 ad

166 1964 475 2010 uaa÷1.deinde
495 1965 552 2002 ita
574 1963 752 2037 incipit:
786 1966 876 2030 περι
893 1961 936 2004 δ’
951 1965 1087 2007 οἰκιῶν
1109 1969 1280 2020 πλαγίαν
1297 1964 1457 2040 θύραν,
1486 1983 1539 2014 ως
1560 1971 1600 2008 οἱ

164 2023 320 2067 πολλοί.
351 2020 436 2062 εἶτα
460 2017 582 2069 ου’δός
609 2023 677 2061 καὶ
699 2016 824 2072 &3004-
848 2029 926 2059 etc.
968 2022 1028 2059 Cl.
1059 2022 1234 2062 Salmas.
1273 2025 1299 2062 l
1334 2029 1372 2064 οἱ
1396 2024 1440 2064 δὲ
1461 2024 1601 2064 πολλοὶ

166 2088 245 2121 etc
273 2078 358 2120 1εἶτα
377 2074 504 2125 ου’δός.
533 2076 714 2142 reliqua
714 2074 877 2127 desunt,
909 2085 970 2122 ut,
1003 2078 1157 2131 inquit,
1188 2077 1290 2118 haec
1318 2079 1508 2119 scincet.-
1532 2079 1600 2120 καὶ

166 2138 267 2187 ἕδος,
296 2135 366 2176 και
384 2151 431 2174 τα
458 2136 548 2186 περι
564 2149 632 2180 τας
652 2125 788 2184 θυρας
807 2133 922 2187 μέρη
986 2133 1163 2173 KUEHN

276 2200 431 2248 αὔλειος
449 2205 494 2240 θ.
506 2198 522 2251 ]
553 2197 728 2237 Dicitur
757 2207 799 2237 et
829 2198 1120 2254 εἰηιΡΙίοὶῐετη
1144 2200 1299 2248 αὔλειος
1324 2201 1544 2240 Herodian
1567 2204 1596 2240 1.

167 2272 206 2302 2.
239 2273 275 2301 c
307 2256 344 2297 5.
374 2255 403 2307 ἤ
431 2257 497 2298 ἐπι
523 2255 568 2312 τῇ
597 2253 743 2308 αυλείῳ
773 2253 800 2305 ἢ
820 2255 884 2298 ἐπὶ
912 2257 995 2304 ταῖς
1019 2259 1178 2306 λοιπαῖς
1201 2255 1385 2305 εἰσόδοις·
1416 2266 1458 2296 at
1477 2257 1597 2297 eius-

160 2315 256 2355 dem
274 2313 374 2353 libri
398 2326 433 2353 c.
469 2325 503 2352 1
532 2301 776 2364 ἐκκομισθὲν
795 2311 865 2360 τῆς
886 2310 1048 2355 αὐλείου
1069 2310 1215 2376 θύρας.
1247 2313 1372 2351 ianua
1394 2312 1498 2351 haec
1520 2326 1595 2351 ve-

165 2369 401 2414 stibularis.
439 2367 476 2406 si
500 2367 610 2407 viam
641 2367 850 2419 publicam
869 2378 1050 2420 speckw,
1081 2369 1212 2421 prima
1243 2376 1306 2407 est
1329 2366 1533 2407 domurn
1521 2382 1595 2406 m-

167 2426 388 2490 gressurie,
421 2433 463 2462 at
482 2422 732 2462 exeuntibus
755 2422 876 2472 inde,
907 2424 1054 2463 ultima
1076 2423 1273 2463 occurrit.
1305 2423 1390 2463 vid.
1428 2426 1594 2475 Harpo-

165 2491 269 2522 ενοι.
302 2482 344 2519 in
378 2480 545 2527 αὔλειος.
577 2480 618 2516 in
646 2479 853 2531 Hesychio
890 2478 955 2517 bis
990 2480 1173 2519 occurrit
1207 2478 1370 2529 αύλεία,
1411 2479 1593 2532 primum

165 2552 242 2578 suo
269 2540 390 2585 loco,
424 2534 575 2575 deinde
603 2534 756 2573 alieno.
786 2534 897 2604 quod
931 2535 975 2573 in
1012 2535 1096 2574 isto
1127 2535 1292 2576 Lexico
1324 2549 1409 2575 non
1441 2549 1590 2576 rarum.

163 2593 324 2647 αὐλειά,
352 2591 509 2646 inquit,
538 2588 663 2647 θυρα.
691 2595 838 2637 uvam..
897 2591 1075 2632 Horam
