1670 2938
200 140 287 181 782
805 136 882 178 IV.
944 141 1040 183 118·

311 234 533 303 παρὃαλῆν
556 244 824 318 υᾳ-ασμὲνην]
878 251 969 293 Μ5
1009 252 1198 306 παρδαλῆ
1225 252 1452 308 υφασμὲνη.
1483 254 1655 307 rectius,

201 304 369 345 scilicet
415 302 623 358 Σατυρικη
653 305 780 357 ἐσθής
810 305 872 357 ἦν.
933 307 1056 347 Vidit
1087 309 1198 349 enim
1223 319 1264 350 et
1288 311 1543 352 clarissimus
1570 311 1655 351 Ca·

200 361 409 400 sanbonus
425 365 609 426 ‘vulgata
643 363 726 402 sibi
758 377 846 403 non
879 375 1088 416 constare,
1124 365 1268 421 aitque
1298 366 1441 407 deesse
1476 368 1655 423 aliquid,

199 427 241 456 et
258 431 301 457 se
326 418 504 458 vertisse
525 420 644 474 quasi
669 420 712 459 id
727 420 785 459 sit
806 419 996 476 ἐφόρουν.
1019 423 1199 462 fortasse
1219 433 1356 464 tamen
1380 423 1655 465 scribendum

200 472 273 521 ait,
304 475 820 529 napffahyvn'ffpqmaouwoo
853 478 1031 518 Scilicet
1059 474 1299 533 u’o'oc'yovtoec
1328 479 1426 521 vide
1449 494 1544 521 eum
1574 480 1657 521 ibi-

199 529 291 568 dem
311 529 362 570 de
381 531 617 573 Pantherae
635 537 758 587 pelle.
813 534 946 574 IUNG.

308 599 517 652 παρδαλῆν
538 599 800 655 ύφασμένην]
831 603 928 644 Pro
938 603 1146 658 παρδαλῆν
1169 598 1416 659 ἰῗφασμένην
1434 605 1655 646 Kuelmius

198 653 280 696 ita.
312 654 499 711 παρδαλη
519 656 742 711 ὑφασμεᾝνη

307 719 513 779 θήραιον]
556 726 627 765 Sic
671 726 794 766 ambo
825 727 952 767 etiam
983 729 1109 770 MSS.
1147 727 1322 768 casaub.
1363 729 1532 769 Bacchi
1560 743 1654 768 scu-

196 788 284 818 tum
304 780 480 835 θύραιυν
510 784 737 823 nominant
767 795 927 825 veteres
954 795 1033 825 etc.
1093 785 1208 824 Idem
1231 799 1355 831 mox:
1388 785 1564 825 Chlanis
1584 786 1652 827 α’ν·

193 835 296 887 θινη
323 852 409 877 non
442 848 503 878 est
528 840 657 879 vestis
689 838 863 891 florida,
903 856 923 880 a
958 842 1164 881 varietate
1198 844 1333 880 solum
1369 844 1558 882 colorum
1587 842 1651 881 sic

195 892 332 934 dicta·
367 894 437 934 sed
467 905 529 935 est
560 896 688 935 vestis
721 912 742 936 e
772 896 950 936 floribus
984 907 1209 937 contexta·
1244 898 1319 950 qui
1338 907 1425 938 erat
1448 898 1648 953 proprius

195 949 434 990 Silenorum
459 953 662 993 amictus.
701 952 780 993 hos
805 955 917 993 enim
939 965 1127 994 vetustas
1150 953 1302 993 florum
1337 955 1648 994 amantissimos

192 1004 341 1047 finxit:
391 1006 571 1063 ideoque
600 1009 785 1049 tribuere
816 1011 901 1050 illis
938 1010 1179 1065 περιβόλαια
1217 1012 1261 1053 ἔκ
1293 1027 1442 1059 παντος
1477 1011 1648 1063 ἄνθους,

191 1061 337 1117 inquit
357 1063 533 1117 Dionys.
559 1067 706 1108 Halia.
743 1066 820 1107 lib.
857 1068 958 1112 VII.
994 1068 1128 1121 antiq.
1161 1068 1239 1108 fol.
1268 1064 1364 1121 477.
1423 1068 1523 1109 SEB.

290 1128 508 1200 θήραιον]
551 1133 597 1175 C.
628 1133 682 1173 Α.
716 1129 909 1188 θύραιον.
942 1134 1015 1175 sed
1051 1135 1228 1188 Hesych.
1269 1135 1397 1175 etiam
1424 1135 1532 1190 legit
1557 1131 1648 1187 θή-

190 1203 281 1241 ρεον
302 1184 491 1242 θτῖραιον,
527 1198 570 1228 et
603 1191 780 1230 accersit
802 1205 954 1230 nomen
979 1206 1001 1230 a
1031 1191 1172 1232 Thena
1202 1192 1357 1234 insula.
1395 1195 1561 1233 manem
1592 1190 1645 1232 ab

191 1245 447 1285 animalibus
469 1246 580 1287 vesti
600 1245 795 1287 intextis.
855 1249 1040 1287 ftumin.

301 1311 500 1367 θήραιον]
556 1313 891 1369 Ν18.θηραῖον,
933 1316 1170 1368 penultima
1214 1315 1498 1356 circumflexa.
1530 1315 1642 1356 infra

188 1370 292 1419 VII,
322 1385 389 1423 77.
421 1379 582 1410 contra.
642 1371 704 1409 An
736 1370 787 1410 de
815 1371 898 1411 hoc
919 1371 1084 1425 aliquid
1115 1372 1158 1409 in
1183 1371 1270 1410 iuis
1289 1373 1537 1442 Hesychiiz
1557 1370 1644 1422 Θή-

188 1443 278 1483 ρων
297 1428 446 1469 πέπλον
480 1444 523 1469 το
545 1428 724 1470 ποικίλον
748 1432 787 1469 οἱ
815 1426 1006 1470 Ἀττικοί.
1037 1429 1149 1470 δοκεῖ
1166 1430 1208 1469 δὲ
1227 1425 1307 1470 α’πό
1332 1426 1470 1480 Θήρας
1488 1429 1559 1480 τῆς
1578 1426 1643 1470 vci-

187 1502 261 1527 σου
274 1487 643 1538 προσηγορεῦσθαι.
703 1483 786 1523 Sed
825 1484 920 1537 quis
950 1485 1031 1524 iste
1063 1484 1211 1533 uiuos?
1239 1498 1293 1523 an
1321 1484 1549 1539 legendum
1574 1483 1642 1534 φή

189 1542 293 1584 σου.ρ
323 1541 400 1581 Sed
427 1541 693 1581 Clarissimus
719 1540 987 1580 casaubonus
1006 1540 1132 1580 habet
1152 1539 1341 1594 θύραιον.
1362 1542 1545 1590 Bacchi,
1564 1541 1641 1588 ait.

187 1608 352 1637 scutum
373 1595 546 1652 θύραιον
573 1596 794 1635 nominant
814 1607 988 1649 veteres,
1018 1611 1102 1636 non
1122 1594 1289 1651 θυρεόν.
1321 1612 1348 1636 a
1364 1598 1642 1637 similitudine

185 1652 320 1707 θύρας
348 1656 582 1707 appellatio
614 1654 781 1692 indita.-
815 1669 943 1707 neque
975 1655 1222 1708 corrigenda
1247 1657 1483 1706 scriptura,
1514 1668 1642 1708 quam

186 1719 249 1750 tot
268 1712 369 1750 locis
389 1713 634 1753 invenimus.
683 1710 808 1750 Certe
827 1710 888 1750 sic
910 1720 1068 1764 putem.
1128 1711 1204 1750 Ait
1226 1711 1339 1750 enim
1364 1720 1509 1751 noster
1526 1711 1640 1750 infra

184 1767 283 1813 VII,
319 1781 386 1820 77.
416 1766 491 1806 ubi
513 1777 554 1806 et
558 1768 751 1833 “fin9aiov
782 1780 996 1807 recensere
1029 1767 1231 1816 diximus,
1263 1767 1363 1806 talia
1387 1781 1541 1807 nomen
1562 1766 1640 1807 ad-

183 1824 379 1864 sumsisse
419 1820 498 1866 α’πό
527 1824 597 1874 τῆς
628 1823 816 1866 ἐπιπλεόν
846 1842 966 1866 τινων
999 1823 1194 1879 χρήσεως.
1261 1823 1368 1863 Vide
1399 1823 1557 1863 ibidem
1587 1822 1640 1864 de

183 1879 408 1920 Chlamide
429 1878 602 1938 α’νθινῇ,
634 1890 676 1920 et
698 1882 870 1934 χορταίῳ
891 1881 1043 1935 χιτῶνι.
1074 1880 1228 1920 Malim
1248 1880 1359 1919 enim
1382 1879 1495 1935 apud
1517 1880 1637 1918 illum

181 1937 310 1987 legas,
344 1951 397 1975 ne
417 1951 502 1975 non
523 1926 626 1975 boni
648 1939 855 1985 consulat,
886 1937 999 1991 quod
1022 1937 1139 1976 illius
1157 1950 1385 1990 purpuram
1409 1936 1514 1977 adeo
1533 1935 1638 1976 sub-

181 1991 282 2030 inde
308 1992 414 2031 meis
443 1992 698 2032 centonibus
727 1992 929 2033 intexam.
988 1995 1116 2035 IUNG.

293 2058 494 2110 cimam]
541 2060 589 2099 C.
622 2061 671 2099 A.
703 2056 869 2111 ανθινή.
904 2063 1080 2114 Hesych.
1117 2059 1291 2103 ανθιιόν
1317 2060 1404 2110 (ita
1433 2058 1546 2099 enim
1566 2059 1635 2097 le-

180 2114 360 2184 gendum
395 2131 447 2156 ex
485 2119 742 2169 Hieronymo
774 2118 818 2156 in
860 2119 1114 2158 Ezechielem
1149 2132 1246 2173 pag.
1276 2116 1397 2170 424.)
1429 2111 1632 2171 ανθηρον,

178 2170 344 2226 βαπτόν,
361 2172 583 2223 floridum,
616 2175 864 2214 coloratam.
923 2177 1106 2215 KUEHN.

290 2227 489 2282 ανθεινη]
521 2230 622 2270 Μ5.
645 2225 811 2281 αἰιθινῆ.
842 2231 908 2270 uti
939 2241 982 2271 et
1011 2244 1135 2284 supra
1159 2244 1288 2285 segm.
1321 2242 1458 2284 praec.
1491 2243 1634 2282 φοινι-

177 2285 356 2340 κοῦνὶμ.
415 2286 543 2328 Iunc.

288 2354 501 2424 χορῖαἷος]
546 2351 823 2405 Dionys.1ib.
855 2352 954 2394 VII.
987 2354 1117 2409 antiq.
1149 2354 1178 2396 f.
1208 2353 1302 2401 47¹7.
1332 2351 1531 2407 palamne
1545 2367 1630 2415 χι-

178 2427 313 2459 τωνες,
339 2409 410 2460 οὓς
429 2410 527 2452 ἔνιοι
543 2412 750 2474 χορταίους
771 2410 951 2452 καλοῦσι
989 2411 1167 2449 casaub.
1202 2409 1404 2448 videntur
1430 2407 1632 2462 primitus

177 2482 199 2506 e
232 2468 363 2507 foeno
401 2466 574 2506 contexi
603 2465 746 2512 soliti,
783 2465 828 2503 id
862 2467 975 2505 enim
1009 2478 1073 2507 est
1103 2463 1266 2522 940'9109·
1297 2475 1448 2520 postea
1479 2465 1629 2511 factie

177 2522 342 2563 villosis
362 2522 556 2576 pellibus.
589 2537 682 2577 pag.
711 2520 798 2562 141.
859 2524 957 2562 Snn.

283 2580 479 2632 χορταῖος]
514 2578 814 2618 commaticam
839 2577 1159 2618 distinctionem
1181 2579 1397 2618 Kuelmias
1415 2587 1514 2632 post
1531 2594 1627 2637 χορ·

175 2636 286 2683 wios·
306 2635 352 2674 in
371 2649 449 2676 suo
473 2634 635 2676 Codice
653 2635 784 2675 Basil.
816 2647 837 2673 a
863 2648 948 2689 quo
970 2635 1044 2674 illa
1066 2635 1230 2683 aberat,
1264 2634 1447 2677 addidit.
