1670 2938
162 98 242 139 602
758 93 849 134 IV.
894 99 983 138 132.

248 243 422 311 λόγων]
473 259 599 300 Abest
628 275 649 299 a
677 261 724 302 C.
757 260 802 300 A.
834 210 1083 302 ἑῗῗὲαἰηιαε.
1120 247 1197 302 nec
1229 261 1396 302 videtur
1424 256 1597 313 omnino

164 315 320 369 requiri
344 314 395 353 ad
416 329 558 356 sensus
591 317 888 373 integritatem.
946 318 1124 360 Knmm.

272 368 421 424 τόπον]
474 373 611 413 Deest
645 374 690 412 in
725 375 814 416 MS.
857 372 992 419 τόπον.
1045 384 1087 415 et
1115 383 1280 428 poterat
1313 387 1414 414 sane
1445 372 1597 414 abesse.

163 429 390 468 IUNGERM.

269 477 404 537 ὥστὲερ
436 487 505 539 καῖ
535 480 580 542 td
609 487 725 539 σιμ]
786 488 938 543 Margo
973 487 1019 530 C.
1050 487 1095 529 A.
1133 486 1325 540 loquitur
1346 486 1428 526 hoc
1450 485 1597 525 modo:

162 541 230 582 καῖ
251 538 297 583 τό
314 537 499 593 στρόφιον
519 541 547 592 ἢ
564 541 668 591 τούς.
700 552 776 582 aut
793 546 960 582 Heroas
983 544 1145 582 exhibet
1166 545 1212 581 in
1237 545 1417 582 Deorum
1446 543 1598 580 relatos

159 611 371 651 numerum.
387 605 466 649 aut
483 608 559 641 etc.
590 600 635 637 in
662 601 855 648 τελῶντας
882 600 1201 654 desinit-margo
1229 598 1390 639 laudati
1410 597 1596 639 Codicis.

159 652 346 694 I{UEHN.'
1477 649 1483 655 ⁴

271 713 516 765 στροφεῖον]
564 713 659 753 MS.
716 716 905 767 στροφιον
940 712 1032 752 sine
1062 721 1248 754 accentu.
1296 720 1338 761 et
1364 709 1529 763 statim,
1569 706 1598 760 ἢ

159 762 341 814 208371.
376 782 463 808 non
491 769 527 810 ὅ.
558 779 601 809 et
624 768 741 815 bene,
777 770 822 808 ni
842 770 979 809 fallor.
1037 769 1164 810 Inue.
1589 818 1592 822 ⁴

267 831 456 889 χαραῖνιοι
489 837 704 889 κλίμακες]
776 837 845 876 Sic
880 846 965 876 tam
1000 837 1126 877 MSS.
1187 849 1310 888 quam
1345 832 1450 872 editi
1479 830 1595 872 libri.

158 888 239 930 Sed
278 893 340 931 Io.
375 893 503 933 Brod.
534 893 713 935 Miscell.
741 894 826 939 IV,
858 891 898 934 8.
930 903 971 933 et
1003 895 1093 933 lac.
1130 892 1268 930 Nicol.
1289 891 1463 928 Loe'nsis
1481 887 1597 940 Epi-

158 945 281 999 phin.
313 948 402 997 III,
429 948 467 990 5.
498 951 648 1002 legunt
676 944 900 1004 χαρῶνειοι.
941 949 1052 989 infra
1085 948 1213 997 VIII,
1262 958 1351 988 102.
1380 946 1596 999 χαρωνεῖον

157 1001 316 1041 dicitur
346 1004 501 1043 ostium
536 1003 643 1043 illud
673 1006 1016 1059 nomophylacii,
1057 1018 1133 1058 per
1174 1001 1288 1059 quod
1314 1010 1514 1042 nocentes
1542 999 1596 1039 ad

155 1058 301 1097 mortis
331 1073 510 1112 poenam
539 1059 804 1102 ducerentur.
861 1063 960 1103 SEB.
1479 1075 1484 1093 ²

257 1113 456 1170 ’χαρώνιοι
470 1118 678 1169 κλίμακες]
725 1117 915 1158 Reddere
937 1130 1150 1170 possemus
1171 1116 1319 1154 Scalae
1336 1116 1516 1162 ore-inae,
1546 1120 1596 1151 ut

155 1169 267 1222 apud
305 1173 472 1212 Sueton.
502 1173 718 1213 Senatores
755 1176 900 1224 orcini,
933 1174 1111 1213 Graecis
1141 1173 1356 1229 χαρωνῖται
1384 1170 1597 1216 dicuntur,-

153 1227 329 1272 KUEHN.
1587 1260 1591 1269 .

265 1279 456 1337 χαρῶνιοι
474 1285 688 1337 κλίμακες]
736 1285 1001 1339 Rhodiginue
1030 1284 1151 1325 VIII.
1179 1283 1310 1339 antiq.
1336 1281 1375 1324 8.
1405 1281 1469 1321 sic
1496 1279 1595 1319 scri-

153 1339 241 1380 bit:
272 1340 458 1379 Fuerunt
476 1349 514 1379 et
529 1340 759 1381 Charoniae
779 1343 933 1391 scalae,
956 1356 1005 1380 ex
1024 1340 1170 1395 quibus
1191 1340 1400 1390 idola,⁸eu
1416 1339 1595 1388 simula-7

155 1410 230 1435 cra
256 1395 548 1448 destinabant,
590 1398 790 1437 charonia
819 1412 910 1437 vero
934 1407 1060 1450 porta
1092 1397 1154 1435 ad
1187 1396 1440 1434 theatricum
1471 1409 1593 1433 usum

150 1452 268 1504 facit
287 1452 411 1503 nihil,
442 1461 534 1491 erat
554 1466 604 1490 ea
625 1456 671 1492 in
693 1455 1003 1507 nomoplzylaeio
1023 1453 1213 1503 Athenis,
1239 1466 1315 1504 per
1335 1464 1459 1504 quam
1478 1450 1592 1488 dam-

154 1511 249 1547 nati
275 1508 334 1547 ad
359 1510 554 1547 ultimum
581 1509 834 1549 ducebantur
858 1511 1120 1563 supplicium.
1174 1508 1267 1549 Nec
1294 1507 1400 1547 falso
1429 1505 1590 1556 scribit,

154 1565 220 1604 vel
246 1579 324 1618 ego
349 1578 440 1603 sum
468 1564 614 1606 falsus.
672 1566 815 1606 Miror
844 1566 989 1620 itaque
1016 1580 1090 1605 cur
1116 1578 1240 1618 super
1266 1563 1334 1603 his
1360 1567 1593 1603 eum'notet

155 1620 373 1659 Brodaeue
399 1620 476 1660 IV.
506 1621 687 1665 Miscell.
710 1628 748 1670 3.
781 1621 855 1661 ubi
875 1622 1029 1675 pariter
1053 1616 1267 1678 χαραῖνειος
1286 1617 1398 1675 θύρα
1424 1620 1499 1672 μία
1523 1617 1594 1660 τοῦ

154 1677 453 1731 νομοφυλακίου
494 1686 573 1718 etc.
624 1692 647 1717 e
679 1679 849 1718 Zenobio
876 1678 1071 1728 adnotat,
1120 1687 1162 1718 et
1193 1675 1438 1730 subiungit:
1479 1677 1593 1716 Hinc

153 1733 266 1786 apud
286 1734 493 1771 Pollucem
511 1732 723 1789 χαραῖνειοι
740 1737 936 1788 κλίμακες.
992 1734 1148 1774 Nescio
1168 1748 1289 1789 quam
1311 1741 1423 1772 recte
1439 1745 1461 1770 a
1482 1729 1592 1770 iudi-

153 1789 251 1829 ciali
280 1797 430 1842 porta,
463 1788 535 1840 (de
559 1805 638 1845 qua
667 1800 708 1831 et
740 1792 895 1830 Suidas
925 1790 969 1828 in
993 1788 1206 1844 χαρώνειος
1227 1787 1356 1842 θύρα)
1385 1787 1590 1828 deducere

153 1859 350 1899 cogamur
370 1845 464 1884 illas
483 1851 637 1887 scalas:
670 1856 711 1885 et
735 1862 808 1886 cur
832 1862 917 1886 non
942 1846 1191 1899 simpliciter
1218 1860 1241 1885 a
1269 1846 1481 1888 Charonte
1505 1845 1589 1881 sal-

152 1902 263 1940 tem?
301 1900 346 1940 Si
364 1915 463 1940 vero
486 1901 593 1942 illud
613 1902 727 1956 quod
750 1903 868 1942 addit
886 1903 1162 1955 Rhodiginus,
1189 1902 1443 1942 Charoneum
1461 1899 1587 1938 etiam

154 1956 307 1995 dictam
325 1956 437 1995 illam
459 1968 640 2010 portam,
673 1958 943 2012 reprehendit
964 1959 1193 2008 Βνοᾶαειιε,
1223 1967 1271 1997 ut
1291 1955 1456 2013 quidem
1473 1952 1587 1993 vide-

152 2022 234 2060 tur,
268 2025 394 2064 quum
423 2014 578 2054 scribat
603 2014 799 2069 χαρώυεια
829 2014 1022 2054 barathra
1045 2014 1192 2061 fuisse,
1219 2027 1304 2053 non
1326 2021 1439 2052 recte
1456 2009 1584 2048 facit:

154 2078 196 2107 et
223 2066 331 2106 illud
358 2068 469 2106 enim
499 2084 668 2124 quoque
700 2085 867 2122 verum,
911 2071 1076 2110 dicente
1105 2069 1336 2123 Hesychia:
1375 2065 1586 2123 χαραῖνιον,
1642 2102 1647 2108 ,

151 2121 257 2178 θύρα
273 2124 347 2176 μία
369 2125 439 2165 τοῦ
457 2129 768 2178 νομοφυλακίου,
802 2126 851 2169 δι’
868 2126 915 2178 ἧς
932 2132 971 2169 οἱ
989 2124 1195 2168 κατάδικοι
1216 2122 1287 2175 τήν
1313 2124 1378 2166 ἐπὶ
1403 2122 1584 2164 θανᾶτου

151 2180 343 2236 ἕξήγοντο.
376 2180 477 2232 quid
499 2182 635 2222 verbis
659 2183 799 2235 opus?
842 2184 911 2222 Sic
929 2184 1019 2236 ipse
1039 2184 1190 2220 Pollux
1210 2181 1322 2219 infra
1341 2178 1459 2229 VIII,
1495 2189 1583 2218 102.

153 2239 338 2276 Pollucis·
374 2236 476 2276 alias
509 2240 648 2277 locum
689 2238 803 2277 hunc
842 2238 892 2279 de
921 2238 1043 2278 scalis
1074 2239 1132 2277 ita
1163 2237 1460 2289 interpretatur
1491 2235 1582 2275 Iac.

153 2294 290 2331 ,NicoL
316 2291 396 2334 III.
429 2293 638 2346 Epiphill.
675 2295 712 2335 5.
753 2294 956 2333 Charonis
984 2294 1122 2333 scalae
1148 2300 1265 2332 erant
1295 2293 1410 2329 cirea
1438 2292 1585 2340 infima

149 2350 310 2399 sedilia,
343 2349 449 2387 unde
467 2358 719 2390 mortuorum
741 2352 974 2390 simulacra
995 2354 1040 2389 in
1059 2350 1223 2388 theatra
1252 2361 1413 2387 sursum
1443 2349 1586 2387 mitte-
1646 2385 1648 2390 ,

149 2405 316 2445 bantur.
373 2404 499 2448 Imm.
1645 2439 1647 2443 ,

257 2458 365 2504 void&
384 2460 696 2516 οἷναπείσματα]
754 2461 803 2503 C.
835 2461 884 2504 A.
928 2462 1155 2517 marginale
1181 2473 1315 2512 usque
1343 2457 1393 2498 ad
1423 2453 1583 2512 ntpo'ffltn-⁴
1634 2495 1636 2498 ,

148 2533 239 2564 πον,
266 2517 454 2571 legitque
474 2519 623 2560 iterum
643 2517 918 2572 οἷναπιέσματα
948 2518 1012 2572 (ut
1036 2518 1116 2555 iam
1149 2525 1335 2553 notatum
1358 2529 1489 2566 supra.
1508 2516 1582 2565 IV,

149 2572 257 2627 127.)
286 2572 336 2615 τοὶ
351 2574 422 2628 μέν
439 2576 549 2619 ἐστιν
567 2586 648 2618 etc.
677 2573 727 2617 τοὶ
753 2576 794 2616 δὲ
819 2591 863 2617 π.
886 2594 918 2617 τ.
945 2569 1222 2628 ἀναβασμούς,
1247 2571 1361 2625 quod
1385 2571 1577 2610 ultimum
