1670 2938
181 45 276 99 '864
533 34 538 41 ‘
791 50 1020 95 1v.183.

194 163 321 211 cab0,·
344 163 410 203 vel
428 160 495 204 ἐπὶ
515 160 654 212 πολῆς.
680 162 858 205 Salmas,
887 160 1115 212 κανᾶτολας.
1143 159 1371 218 ποτιβᾶλλω
1405 176 1468 206 σοι
1485 160 1561 206 xviv
1579 159 1626 205 τό

193 219 264 278 λῇς
282 218 321 261 οἱ.
351 219 538 256 senarius
557 226 627 257 est.
654 216 757 257 haec
777 218 864 259 ille.
922 219 1088 259 Hom—m

304 272 604 327 *nouvarai-ng]
653 274 736 314 Pro
769 273 993 324 καναταλης
1021 275 1234 315 Kuehnius
1260 274 1304 314 in
1338 273 1499 314 Codice
1529 287 1624 320 suo,

197 344 320 385 quem
337 329 589 369 MSStorum
613 343 693 383 ope
709 329 960 401 integritati
981 344 1079 370 suae
1105 330 1309 384 pristinae
1331 330 1542 379 restituit,
1572 329 1624 368 ad

195 401 310 426 oram
340 383 582 439 adscripsit·
603 384 645 439 f.
673 382 776 441 κᾷτα
800 403 849 428 αν
867 390 952 444 λῇς,
982 400 1090 453 quae
1114 386 1357 427 coniectura
1376 384 1499 428 valde
1516 384 1624 424 mihi

193 441 364 483 arridet.

304 492 513 551 κηρωτην]
544 495 631 537 Scr.
659 496 859 539 ceratum.
918 498 1016 540 San.

302 551 514 607 κηρωτήν]
552 551 711 618 κηρωτῆ
731 555 943 607 emplastri
966 553 1168 608 quaedam
1188 553 1347 608 species
1367 567 1419 593 ex
1435 552 1623 594 incerato

193 610 364 665 aliaque
385 608 693 661 compositione
715 609 767 648 ati
788 610 993 650 fracturas
1015 620 1057 651 et
1073 611 1167 652 alia.
1222 610 1401 652 Kumm.

306 674 489 729 οθωνια]
524 675 577 714 In
597 677 911 729 Aristoplzanea
938 678 1069 718 Henr.
1094 678 1325 744 Stephanus
1351 674 1494 721 ὀθόνια
1518 674 1625 716 ucri-

192 734 278 774 bit:
317 732 390 774 sed
430 729 617 770 nondum
652 733 794 772 omnia
825 748 936 773 sana.
964 733 1176 775 Emenda:
1216 730 1402 784 όθόνιον,
1442 731 1625 785 κηρωτήν

193 787 526 846 παρασκευάζετε-ι
584 787 651 827 Ita
669 788 781 829 enim
803 790 849 829 in
873 790 1072 830 extremis
1099 789 1265 832 Comici
1286 788 1625 829 Acharnensibus

193 856 272 887 est.
330 846 458 885 Imm.

301 898 486 952 ὅθώνια]
517 897 662 942 ὀθόνια
680 901 864 954 reposui.
897 900 988 946 vid.
1018 915 1141 955 supra
1163 898 1413 957 segm.181.

309 954 561 1011 Τραυμάτια]
596 959 844 1011 Τραυματίᾳ,
873 967 921 997 ut
941 968 1003 998 est
1021 958 1132 997 infra
1152 958 1206 1006 X,
1236 956 1306 998 46.
1336 956 1411 996 ubi
1429 954 1539 996 idem
1551 955 1625 995 hio

194 1017 314 1055 locus
335 1015 463 1066 paulo
482 1012 626 1052 aliter:
658 1011 732 1051 sed
748 1013 945 1052 neutrubi
976 1014 1078 1054 satis
1110 1013 1370 1066 perspicuus.
1404 1013 1626 1077 Telegonus

192 1069 364 1121 scripsit
384 1069 628 1123 τραυματίαν
645 1066 867 1120 Ὀδυσσῆα,
890 1071 1150 1110 vulneratum
1176 1070 1371 1124 Ulyssem,
1397 1068 1468 1112 cit.
1487 1068 1622 1109 Arist.

194 1125 247 1167 de
266 1123 550 1167 Poene-14.
608 1122 712 1164 San.

304 1177 566 1234 Τραυμοῖτια]
615 1179 748 1220 Recte
778 1180 908 1225 seber,
950 1195 1003 1221 ex
1036 1179 1130 1235 ipso
1160 1181 1346 1222 Auctore
1377 1181 1625 1234 Τραυματίᾳ.

193 1237 348 1280 Sensus
368 1246 430 1276 est
449 1235 495 1273 in
528 1234 792 1286 Antiphanis
817 1237 1061 1287 Comoedia,
1090 1251 1195 1291 quae
1218 1238 1464 1278 inscribitur
1494 1242 1626 1291 Τραυ-

192 1295 362 1349 ματίας,
394 1300 436 1331 et
458 1291 540 1329 ista
559 1300 658 1330 sunt
689 1291 944 1332 medicorum
967 1294 1256 1334 instrumenta.
1296 1293 1626 1359 Κατεσκευασμὲ-

192 1367 259 1399 νος
261 1343 572 1417 ’,λαμπρότατον
590 1346 719 1401 (infra
743 1347 816 1389 lib.
847 1349 901 1387 X.
934 1363 969 1389 c.
1002 1361 1066 1390 ιο.
1100 1350 1147 1391 C.
1176 1351 1230 1391 Α.
1264 1346 1536 1404 λαμπρότερον
1557 1354 1625 1392 ἰα-

192 1407 323 1460 τρεῖον
359 1404 401 1447 ἐν
427 1404 589 1459 χαλκοῖς
614 1408 773 1446 παντολ.
787 1406 802 1455 )
841 1406 885 1447 ἐν
914 1407 1115 1459 λαμπροῖς
1143 1405 1250 1450 πάνυ
1287 1406 1510 1473 λουτηρίοις
1543 1415 1624 1447 etc.

195 1461 374 1501 Salmas.
406 1461 466 1499 ita
504 1460 546 1502 ἔν
577 1462 810 1526 Τραυματίᾳ
843 1463 1201 1516 κατεσκευασμένον
1233 1460 1510 1516 λαμπρότατον
1553 1465 1626 1504 ιά-

191 1520 332 1582 τρεῖον
358 1513 562 1569 εὐχάλκοις
597 1512 715 1559 πάνυ.
757 1518 945 1572 citatque
975 1518 1088 1582 infra
1120 1518 1182 1571 X,
1212 1518 1280 1561 46.
1319 1527 1362 1557 et
1388 1531 1532 1558 versus
1565 1519 1625 1559 ita

193 1572 447 1615 constituit.

357 1627 715 1683 κατεσκευασμένος
741 1625 987 1684 εὖλάμπροις
1013 1646 1120 1674 πανυ
1148 1630 1371 1685 λουτηρίοις
1397 1651 1455 1662 ·-

192 1695 235 1728 et
253 1685 313 1726 ita
331 1685 418 1726 ille.
474 1685 654 1726 Kumn.

311 1739 558 1806 Τραυμάτια]
590 1740 735 1781 Scribe
763 1743 1023 1798 Τραυματίᾳε
1055 1743 1100 1782 in
1123 1756 1204 1797 qua
1225 1741 1368 1782 fabula
1388 1742 1467 1782 iste
1477 1741 1627 1782 Comi-

190 1811 266 1839 cus
298 1806 340 1838 et
372 1797 485 1836 infra
518 1797 672 1837 citatur
703 1797 768 1844 X,
798 1798 865 1840 46.
899 1798 1013 1854 quod
1043 1798 1264 1839 adnotavit
1291 1808 1335 1839 et
1367 1798 1543 1838 casaub.
1570 1798 1625 1838 X.

192 1854 344 1894 Athen.
377 1853 442 1895 15.
500 1853 558 1892 Et
578 1851 681 1907 quid
703 1862 767 1893 est
789 1863 925 1894 tamen
950 1855 1057 1895 illud
1080 1854 1194 1910 quod
1215 1863 1355 1894 extare
1378 1854 1439 1893 ait
1458 1854 1505 1892 in
1525 1856 1627 1892 An—

193 1909 379 1960 telphanis
419 1907 692 1948 Traumatia‘?
731 1910 1012 1963 ΑηιίΡῘιαηίε“
1022 1912 1148 1952 verba
1181 1910 1357 1965 pessime
1385 1919 1496 1950 certe
1523 1923 1626 1948 cor-

190 1973 317 2018 rupta
340 1972 440 2002 sunt
461 1973 504 2003 et
525 1964 673 2003 mutila
706 1979 897 2017 prorsus.
930 1967 1024 2007 MS.
1056 1968 1167 2006 infra
1194 1966 1319 2006 nobis
1339 1980 1386 2006 ea
1404 1977 1624 2005 conserva·

189 2019 258 2061 vit
273 2022 403 2073 longe
433 2018 663 2074 integriora
695 2020 749 2071 X,
777 2023 844 2063 46.
877 2022 953 2061 ubi
973 2038 1025 2062 ex
1043 2024 1141 2064 MS.
1173 2022 1232 2062 ita
1241 2020 1473 2091 legendum
1498 2018 1624 2061 vide·

190 2083 274 2124 ¹¹²¹*-
306 2082 350 2114 Εἴ
367 2073 437 2114 11¹⁶
452 2074 689 2117 emendem·
725 2081 962 2147 Τραυματίᾳ
979 2081 1047 2122 καὶ
1063 2080 1189 2122 ταῦτα
1204 2096 1281 2122 των
1301 2076 1493 2142 ἰατρικῶν
1512 2089 1624 2118 σκευ-

188 2129 260 2173 ab.
291 2132 656 2184 κατασκευασμένος
689 2131 968 2188 λαμπρότατον
1004 2138 1200 2203 ἰατρεῖον,
1245 2131 1446 2201 ἔγχαλκοις
1471 2149 1624 2175 παντο-

187 2189 482 2252 λθνῒηριδῖθιςι
510 2190 800 2243 ε’ξαλείπτροις,
840 2194 1062 2243 κυλικίσιν,
1097 2207 1322 2240 σικυαισιν,
1351 2187 1623 2232 υποθεᾚτοισιν

188 2242 332 2284 nescio
363 2251 502 2284 tamen
532 2258 585 2284 an
614 2259 701 2284 uon
726 2247 870 2300 potius
891 2249 971 2298 sit,
1001 2246 1107 2291 minu
1134 2248 1404 2303 λουτηριδίοις,
1433 2244 1546 2284 infra
1561 2243 1623 2283 di·

188 2312 293 2341 cam.
350 2298 404 2338 In
425 2300 697 2368 sequentibus
722 2305 861 2342 nullus
885 2305 1033 2344 titulus
1054 2305 1098 2343 in
1117 2305 1212 2345 MS.
1269 2303 1398 2342 que.

306 2352 573 2409 Τραυμᾶτια]
615 2361 848 2414 Τραυματίᾳ
867 2361 1040 2413 reposui
1059 2374 1136 2414 pro
1160 2356 1405 2414 Τραυματια.

298 2411 453 2454 σκευῶν
475 2416 888 2476 κατεσκευασμένων]
940 2417 1021 2456 111a
1051 2416 1202 2460 σκευῶν
1230 2411 1621 2467 κατεσκευασμένων,

188 2464 249 2505 ita
269 2464 354 2506 iam
386 2466 587 2510 distinxit
613 2479 656 2511 et
683 2471 924 2513 emendavit
947 2473 1180 2513 Kaehnius:
1212 2489 1384 2524 σκευων,
1413 2486 1622 2514 κατεσκευ-

187 2522 371 2577 ασμέ-νος
