1682 2956
167 45 223 87 72
806 45 842 88 I.
902 47 971 92 53.

168 157 311 255 ἐσήιε,
336 155 403 210 25,
437 171 501 215 19.
535 157 660 198 Deut
691 155 1615 210 28,55.1ud.6‚4.Ma1a071.5.10.D.

316 229 385 253 En.

281 271 446 313 divana
458 271 499 313 δὲ
516 272 587 314 καί
605 270 693 322 τις]
721 273 806 314 Καὶ
827 272 1028 312 omissum
1049 281 1116 312 est
1132 272 1178 312 in
1201 274 1268 314 M.
1299 272 1350 314 A.
1378 272 1560 314 Kunnx.

279 326 450 372 δύναται
482 330 525 370 δὲ
552 329 622 370 καί
650 327 743 380 τις]
771 328 864 368 MS.
891 329 1024 371 Labb.
1057 333 1126 372 καὶ
1154 339 1252 371 ante
1271 347 1332 379 τις
1350 345 1439 370 non
1474 329 1614 370 habet.

168 382 301 425 Iunc

279 439 511 493 ἕπε’ᾳλεξεν,
557 438 731 495 ἄνεμος]
780 441 879 482 Ms.
919 442 1056 485 Labb.
1098 441 1312 497 ἐπέφλεξε,
1366 444 1436 486 και
1473 441 1619 497 ἄνεμος

167 512 260 547 τους
282 494 431 551 στάχυς
449 500 505 540 ἐκ.
565 497 695 538 Iuno.

279 554 414 607 ὕδωρ]
463 555 624 593 Pluvia
663 568 746 592 non
763 554 966 593 educavit
990 553 1185 609 fructus.
1234 554 1467 596 secundum
1510 554 1619 596 illud

172 609 358 649 Catulli.-
377 612 532 659 firmat
552 611 624 662 sol,
654 610 809 649 educat
833 611 976 652 imber.
1034 612 1216 651 Kumm.

278 665 486 741 ἔθρεψεν,
510 685 534 717 η
521 665 659 719 ”etc.]
691 668 787 710 MS.
818 667 1024 737 ἔθρεψεν,
1047 666 1074 718 ἢ
1094 664 1208 718 νόσος
1227 669 1460 722 ἐνεσκηψεν,
1494 666 1523 719 ἤ
1545 666 1619 711 αυ’-

165 738 264 776 χμος
282 725 351 764 και
379 742 428 764 τα
461 740 594 777 ομοια.
623 724 799 762 caeteris
819 734 951 764 caret:
980 722 1099 772 νόσος
1122 733 1263 764 tamen
1292 735 1342 764 ut
1363 724 1506 773 vides,
1538 739 1620 764 au-

167 779 279 818 etius
302 778 429 819 habet
447 789 591 819 noster
607 780 702 820 MS.
734 789 777 819 et
803 780 946 819 malim
973 780 1101 820 etiam
1123 795 1216 820 cum
1233 794 1284 820 eo
1306 779 1467 836 στάχυς,
1494 796 1619 836 quam

166 837 386 889 vulgatum
414 835 607 889 ἄσταχυς,
634 834 752 892 quod
771 836 832 876 ita
856 851 910 877 ne
936 846 1052 876 recte
1078 836 1251 892 quidem
1276 837 1417 877 notari
1439 847 1619 878 accentu

167 890 383 934 existimo.
440 893 570 933 IUNG.

164 1003 205 1044 K
277 944 457 1003 αὐχμός]
490 949 538 988 C.
569 948 619 991 V.
649 947 678 999 ἦ
694 946 811 1000 νόσος
829 949 1050 1006 ἐνέσκηψεν
1067 969 1090 1001 η
1112 947 1270 1006 αὐχμδς
1286 968 1311 1002 η
1335 949 1512 1006 ἄβροχος
1532 959 1615 990 etc·

209 1018 347 1043 tuum.

276 1060 503 1114 διέμεινεν]
532 1060 659 1101 MSS.
691 1059 855 1115 ἔμεινεν.
914 1062 1013 1102 SEB.

276 1118 493 1170 διέμεινεν]
527 1117 572 1159 C.
588 1116 639 1158 A.
671 1116 813 1171 ἔμεινε
833 1120 1033 1175 ἕδῐψησαν
1054 1125 1093 1163 οἷ
1113 1121 1263 1174 καρποῖ
1278 1117 1619 1172 sitiverantfru-

165 1182 268 1214 ctus.
309 1174 592 1225 leeoplzrast.
636 1172 688 1214 de
717 1175 895 1243 flantis
926 1179 956 1215 1.
986 1177 1024 1216 ὅ.
1053 1175 1113 1214 ait
1146 1175 1273 1215 etiam
1307 1178 1462 1215 esurire
1491 1177 1618 1215 olera.

163 1226 383 1279 πολλάκις,
416 1230 583 1284 inquit,
612 1247 758 1282 πεινην
789 1249 838 1273 τα
867 1229 1026 1288 λαχανα
1052 1234 1179 1286 φασι,
1218 1235 1288 1275 καῖ
1319 1236 1447 1274 ταῦτα
1475 1234 1618 1285 γνωρί-

165 1290 245 1336 ζειν
265 1303 355 1335 τους·
370 1289 582 1353 ἐμπείρους
601 1288 680 1329 τῶν
701 1306 914 1343 κηπωρων.
946 1303 1066 1340 saepe
1086 1290 1201 1327 olera
1223 1291 1376 1328 esurire
1393 1290 1531 1336 aiunt,
1552 1288 1618 1327 id-

165 1357 241 1395 que
265 1358 380 1382 nosse
400 1346 561 1396 peritos
591 1344 847 1384 hortalanus.
887 1354 930 1384 et
962 1345 1115 1384 iterum
1147 1348 1177 1384 1.
1210 1360 1246 1400 9.
1276 1345 1491 1384 uberiores
1519 1358 1616 1399 pro·

164 1408 316 1438 ventus
343 1408 477 1439 terrae
495 1414 583 1439 non
613 1399 852 1440 conducere
869 1416 922 1441 ex
950 1401 1174 1470 opinione
1188 1400 1453 1456 quorundam
1473 1401 1616 1449 refert,

163 1454 389 1494 subiuncta
409 1469 559 1507 causa,
589 1461 736 1507 πεινῆν
753 1456 830 1511 γοῖρ
850 1454 982 1506 εὐθυς
1000 1461 1104 1510 φασὶ
1126 1475 1198 1508 την
1219 1459 1309 1511 γῆν.
1338 1460 1489 1496 statim
1508 1460 1619 1495 enim

162 1519 316 1550 terram
333 1514 462 1551 aiunt
481 1515 645 1552 esurire.
678 1512 926 1553 exhaustam
950 1513 1116 1554 scillcet
1145 1514 1300 1568 prioris
1331 1513 1433 1554 anni
1461 1512 1619 1567 copio—

163 1567 342 1608 sissimis
366 1567 577 1624 frugibus,
638 1569 820 1610 Humm.

275 1681 430 1734 καιρῶν
455 1679 636 1736 ὀνόματα
664 1700 698 1726 κ,
728 1701 767 1738 χ.
779 1683 796 1734 ]
825 1682 1034 1723 Titulus
1021 1697 1066 1722 m
1091 1682 1138 1722 C.
1169 1681 1221 1722 A.
1253 1683 1315 1722 ita
1348 1681 1496 1723 habet:
1527 1699 1620 1726 και-

162 1737 244 1794 ρῶν
265 1739 336 1780 καὶ
350 1736 514 1807 χρόνων
521 1738 709 1793 ὀνόματα.
768 1740 951 1778 ΚυΕΠΝ.

274 1811 425 1844 καιρων
444 1791 622 1849 ὀνόματα
651 1813 689 1838 κ.
721 1812 759 1850 χ.
771 1796 791 1849 ]
823 1795 1030 1835 Titulus·
1018 1810 1063 1833 m
1084 1794 1180 1835 MS.
1211 1794 1298 1847 hic,
1330 1792 1508 1848 ὀνόματα
1530 1813 1618 1838 και-

161 1850 252 1902 ραῗν.
310 1851 362 1889 In
393 1851 673 1904 sequentibus
704 1851 830 1892 valde
859 1851 996 1891 variat
1022 1852 1118 1892 MS.
1174 1852 1423 1907 Diligenter
1443 1861 1486 1892 et
1505 1851 1619 1892 bona

163 1905 244 1945 fide
271 1921 397 1947 omne
430 1907 475 1946 id
498 1907 806 1958 indicabimus,
840 1908 877 1947 si
894 1911 1015 1962 plura
1034 1917 1245 1962 praestare
1267 1923 1355 1948 non
1377 1922 1617 1962 possumus.

159 1962 295 2002 Initio
325 1961 528 2003 adnotare
560 1967 723 2018 placet,
769 1964 886 2019 quod
916 1967 977 2008 Η
1007 1965 1245 2016 Stephanus
1279 1964 1332 2004 ad
1361 1967 1515 2004 calcem
1550 1965 1618 2003 sui

158 2018 258 2057 libri
280 2018 477 2072 scripsit.
509 2021 577 2059 Ex
597 2021 772 2059 Polluce
791 2021 999 2073 quaedam
1020 2022 1080 2059 ad
1087 2021 1271 2074 plzrasm
1289 2024 1501 2074 Ροέίίσαηι
1521 2022 1620 2060 elici

154 2083 349 2127 possunt,
382 2083 430 2113 ut
458 2078 504 2114 in
531 2073 738 2126 ἕιιαυτος,
771 2077 864 2115 vide
891 2077 1184 2130 descriptiones
1212 2080 1317 2116 anni
1341 2080 1547 2118 redeuntis
1568 2080 1617 2117 in

160 2130 323 2183 orbem,
352 2146 422 2170 seu
445 2147 613 2171 cursum
634 2148 756 2172 suum
770 2136 1024 2187 peragentis.
1083 2133 1219 2175 IUNG.

269 2196 559 2251 περιελθόντος
587 2216 617 2241 ε.
649 2218 695 2242 ω.
727 2201 841 2254 etc.]
880 2201 976 2240 MS.
1004 2209 1150 2241 noster
1176 2200 1238 2241 sic
1264 2199 1422 2242 habet.-
1452 2206 1620 2255 περιελ-

157 2251 303 2304 θόντος
327 2257 369 2306 ἐξ
386 2272 504 2311 ωρων
525 2259 580 2306 εἰς
600 2256 709 2310 ω’ρας
736 2258 805 2300 τοῦ
827 2260 935 2299 θεοῦ
962 2254 1032 2300 τόν
1060 2252 1230 2305 κυκλον,
1261 2259 1331 2299 τοῦ
1362 2258 1516 2311 ἄστρου
1547 2274 1619 2300 πε-

158 2308 434 2366 ριδραμόντος.
469 2326 574 2365 quae
605 2322 817 2366 postrema
857 2313 1003 2366 itaque
1042 2311 1094 2352 de
1127 2313 1321 2352 canicula
1353 2314 1467 2353 forte
1509 2314 1619 2352 acci-

158 2366 341 2420 pianda,
378 2366 430 2406 de
463 2381 545 2422 qua
576 2369 638 2408 sic
666 2378 859 2408 auctores
890 2378 995 2409 vett.
1027 2368 1150 2422 loqui
1184 2372 1336 2408 solent.
1398 2368 1524 2409 Certe
1559 2371 1618 2410 ita

158 2439 203 2466 το
223 2439 374 2476 αστρον
397 2425 671 2476 περιτέλλεται»
688 2427 873 2465 Alcaeus
893 2424 1018 2464 dixit.
1057 2426 1172 2477 Aug.
1201 2425 1297 2465 MS.
1325 2425 1467 2464 Seberi
1487 2425 1617 2465 etiam

158 2496 228 2522 τον
249 2477 392 2522 κύκλον
413 2481 486 2522 τοῦ
503 2480 663 2532 α’στρου,
691 2481 812 2521 aliter
834 2480 1192 2534 interpungendo.
1254 2481 1383 2535 Quod
1406 2481 1443 2519 si
1466 2480 1519 2520 ad
1538 2483 1619 2522 So-

157 2538 239 2576 lem
261 2549 436 2592 quoque
458 2536 799 2578 transferendum
818 2547 906 2588 est,
935 2537 1082 2578 nescio
1107 2547 1247 2578 tamen
1277 2552 1331 2577 an
1361 2537 1506 2593 ἄστρον
1537 2553 1617 2593 pro
