1690 2944
205 122 288 164 310
841 117 1024 164 11.1.9.
1077 178 1084 183 .

317 231 592 287 κυδρουμὲνη]
625 232 682 273 In
698 233 787 274 MS.
819 233 974 275 desunt
991 239 1102 292 κυδρ.
1133 254 1172 279 α.
1203 255 1246 290 μ
1273 255 1308 279 v·
1343 256 1437 293 ακμ.
1471 242 1595 281 Iuno.

319 288 615 343 ἀμφηβηκυῖα]
655 291 701 331 C.
742 293 790 332 Α
830 288 1111 347 ἄμᾳηβηκυῒα,
1150 295 1361 351 (exoleta)
1398 313 1441 338 π.
1478 315 1520 339 π.
1547 315 1591 352 y.
1613 315 1652 354 ρ.

207 347 427 402 γεραιτεᾞρα
460 346 507 387 C.
544 348 596 388 V.
626 349 847 402 γερεταίρα.
906 351 1089 394 Roman.
1133 372 1136 377 -

307 412 609 469 οἷμφηβηκυῖα]
639 415 730 458 MS.
763 411 1018 471 αφηβηκυῒα.
1075 418 1168 458 Nec
1188 417 1311 458 aliter
1329 427 1441 458 certe
1471 420 1654 460 sc1iben·

211 469 323 511 dum.
355 470 514 510 habent
538 472 598 511 ita
619 483 663 512 et
689 472 852 517 Comm.
885 474 954 514 avi
975 488 1065 529 cap.
1095 488 1162 530 7¹·
1176 477 1448 530 παοηβηκυῖα
1468 475 1619 516 deest
1608 491 1653 514 m

208 525 301 569 MS.
330 527 462 568 IUNG.

321 584 388 626 καὶ
413 601 467 633 ως
492 583 664 638 Ἰσαῖος]
705 587 877 627 Desunt
909 586 954 626 in
981 585 1074 630 MS.
1119 588 1189 630 και
1213 587 1268 638 αἶς
1295 585 1367 630 Ἰσ.
1400 586 1499 627 dein
1528 587 1655 628 habet

212 639 323 681 idem
347 642 576 695 γερεταίρα.
635 643 759 683 Iunc.

306 710 463 806 Ιγραῒα]
500 709 594 752 MS.
636 710 805 751 auctius
846 712 990 769 γοαιά,
1031 696 1263 766 πρεὰβῦτις.
1295 703 1449 761 καῖοἶς
1481 717 1526 756 Θ.
1559 711 1583 754 ὁ
1617 729 1653 754 κ.

208 782 276 822 πρ
318 780 562 878 ἕρῗζβύτις]
607 824 684 864 Per
712 841 738 875 η
774 823 924 863 scribit
955 824 1001 867 C.
1030 824 1080 863 A.
1110 838 1187 878 pro
1208 820 1416 879 οἰνοκᾶχλη
1437 823 1566 864 habet
1588 826 1657 866 οἵ..

206 877 403 936 νομαχλη.
424 882 594 926 vinosa,
627 882 718 919 vini
741 890 947 933 appetens
1005 882 1186 922 Humm.

318 944 503 1001 κοχώνη]
536 947 744 1000 Hesyekio
765 958 843 997 est,
861 964 902 987 os
921 964 1087 988 sacrum
1107 947 1222 1003 quod
1244 957 1424 1015 vpcantg
1455 946 1527 988 sed
1547 947 1655 1002 quid

208 1003 292 1043 hoc
326 1003 378 1043 ad
409 1002 599 1043 bibacem
632 1004 882 1044 mulierem?
922 1005 1024 1059 quid
1057 1006 1094 1044 si
1123 1007 1191 1047 καῖ
1220 1002 1327 1060 χώνη
1352 1007 1541 1070 legamus
1561 1005 1587 1047 i
1617 1019 1653 1044 e.

209 1059 578 1132 infundibulum?
598 1061 769 1100 Αείίαη.
800 1061 851 1101 V.
881 1062 937 1100 H.
968 1062 1044 1102 lib.
1075 1062 1134 1102 II.
1168 1075 1256 1115 cap.
1284 1061 1351 1103 41.
1381 1064 1449 1104 και
1465 1058 1658 1113 Διοτιμος

208 1116 233 1159 ὅ
245 1115 492 1184 ῊΑθηναῒος,
529 1114 647 1165 οὗτός
670 1132 752 1167 τοι,
790 1119 859 1159 καῖ
891 1114 995 1171 χαῖνη
1025 1119 1274 1167 ἐπεκαλεῖτο,
1302 1119 1556 1185 ἕντιῇεζαενος
1580 1133 1657 1171 γαρ

208 1173 265 1270 ’ἱξῇ
294 1171 462 1227 στόματι
494 1171 645 1228 χώιην,
686 1171 953 1224 ἀδιαλείπτως
988 1172 1131 1231 ἐχωρει
1158 1172 1228 1217 τόν
1244 1171 1515 1230 εἰσχεόμενον
1540 1173 1659 1217 οἶνον.

256 1245 392 1270 cmm.

322 1283 501 1345 κοχώνη]
555 1287 694 1336 Quasi
729 1288 896 1333 cotula,
941 1287 1063 1325 aiunt
1100 1285 1260 1327 Comm.
1305 1288 1375 1326 avi
1409 1301 1543 1340 c.71.
1583 1286 1660 1325 ubi

212 1343 316 1384 haec
348 1352 638 1411 exponuntur.
699 1344 745 1383 Si
777 1343 967 1397 proferre
998 1342 1100 1382 licet
1126 1343 1230 1397 quid
1251 1357 1330 1398 ego
1348 1345 1567 1396 suspicor,
1598 1345 1659 1382 ita

212 1409 300 1451 est;
329 1395 507 1455 κοχώνην
528 1400 641 1439 forte
661 1399 711 1438 ab
726 1413 869 1440 aversa
888 1408 1007 1453 parte
1028 1398 1322 1453 subturpicule
1344 1399 1544 1439 alascivis
1563 1399 1660 1439 Co—

211 1455 334 1496 micis
353 1459 633 1512 appellatum,
665 1459 769 1495 tales
794 1455 906 1495 enim
923 1455 1062 1494 hercle
1080 1472 1255 1509 κοχωναι
1277 1455 1388 1495 infra
1411 1469 1541 1509 segm.
1573 1454 1660 1493 hu-

213 1513 281 1551 ius
302 1512 403 1552 libri
427 1510 518 1553 183.
549 1526 636 1551 non
658 1526 776 1552 secus
797 1526 844 1551 ac
865 1512 908 1550 in
932 1525 1038 1552 voce
1062 1526 1193 1559 anus,
1229 1510 1344 1565 quod
1363 1512 1481 1551 fere
1470 1525 1514 1548 m
1547 1525 1659 1551 con-

212 1578 420 1623 temptum
446 1568 574 1609 etiam
594 1569 831 1623 profertur,
863 1568 1031 1623 gemina
1051 1567 1311 1624 significatio
1343 1567 1456 1622 apud
1475 1567 1659 1607 Latinos

213 1635 289 1670 est
318 1626 447 1667 IuNG.

324 1688 576 1749 αρσενικοῗς]
603 1672 957 1746 Falckenburgius
977 1706 1054 1745 pro
1079 1689 1302 1746 ἆρσενικοῖς
1331 1690 1459 1732 habet
1489 1707 1662 1746 γεγηρα-

213 1747 328 1800 udos,
379 1748 494 1803 quod
537 1749 713 1802 propius
752 1747 806 1788 ad
845 1763 1013 1789 sensum
1049 1748 1251 1788 Auctoris
1290 1747 1443 1788 Nostri
1483 1746 1660 1788 accedit.

214 1806 409 1862 quamvis
433 1814 475 1844 et
493 1808 711 1859 vulgatum
731 1805 832 1844 satis
853 1805 1010 1844 bonum
1034 1804 1105 1846 sit.

325 1858 593 1917 βαθυγηρως]
624 1861 725 1900 Non
745 1861 940 1929 agnoscit
971 1860 1018 1902 C.
1049 1863 1102 1900 A.
1161 1861 1340 1902 Romus.

327 1917 598 1974 βαθύγηρως]
627 1918 762 1958 Deest
780 1916 1031 1974 βαθύγηρως
1054 1917 1101 1956 in
1127 1919 1220 1962 MS.
1280 1919 1416 1963 Imm.

329 2040 702 2098 ἒσχηματισμὲνων]
734 2041 781 2085 C.
812 2042 863 2084 A.
894 2046 963 2085 καὶ
979 2043 1326 2098 σχηματισμὲνων.
1383 2044 1559 2083 KUEHN.

329 2102 396 2143 ἐπὶ
412 2117 493 2142 των
509 2099 692 2142 κυουσῶν
710 2095 813 2154 γαρ]
846 2100 942 2140 Hoc
965 2099 1114 2140 ordine
1138 2101 1236 2141 MS·
1267 2101 1336 2142 ἐπῖ
1351 2116 1426 2155 γαρ
1450 2117 1529 2141 των
1551 2114 1666 2141 κυου·

219 2170 300 2200 mur
328 2159 412 2200 καῖ.
470 2156 602 2195 Imm.

330 2212 490 2265 ἔταξεν]
541 2210 744 2265 Sequitur
771 2211 915 2251 statim
954 2211 1001 2250 in
1035 2211 1087 2252 C.
1126 2211 1177 2251 A.
1221 2212 1389 2251 omissis
1416 2207 1667 2259 interiectis,

221 2272 438 2321 κυεῖσθαι,
466 2268 738 2323 γεννᾶσθαιτ.
771 2269 873 2322 ἐρεῖς
890 2269 932 2309 δὲ
952 2282 1050 2323 pag
1080 2277 1270 2321 sequent.
1331 2270 1511 2307 Kunnn.

332 2338 497 2390 ἔταξεν]
549 2336 600 2376 In
633 2335 724 2375 MS.
757 2335 975 2390 sequeutia
1003 2335 1178 2384 desunt,
1220 2332 1343 2376 εἰπων
1373 2336 1415 2376 ἐν
1442 2339 1504 2375 θε
1536 2349 1572 2374 κ.
1602 2333 1670 2373 τί-

222 2409 382 2441 κτουσα.
439 2395 582 2435 Locus
606 2394 800 2430 Platonis
834 2393 964 2444 paulo
995 2392 1167 2457 longius
1206 2390 1258 2429 ab
1290 2390 1419 2428 initio
1458 2389 1670 2428 Theaeteti

223 2462 310 2495 est·
340 2453 470 2495 οἶσθα
492 2465 574 2519 γαρ
600 2465 678 2491 που
709 2465 774 2490 οτι
804 2445 973 2499 ου’δεμία
1006 2445 1136 2489 αὐτων
1155 2446 1215 2488 ἔτι
1242 2464 1343 2495 αυτη
1367 2446 1608 2497 κυισκομένη
1627 2460 1668 2485 τε

221 2512 294 2553 και
300 2509 516 2552 τίκτουσα
545 2505 668 2553 ἄλλοις
699 2502 927 2557 μαιεύεται,
978 2499 1072 2545 υἷλλ
1108 2508 1151 2546 αἱ
1187 2503 1262 2552 ἤδη
1290 2501 1480 2545 ἀδύνατοι
1509 2504 1670 2543 τίκτειν.

222 2565 352 2620 Apud
376 2565 596 2604 Pollucem
623 2562 767 2615 itaque
786 2560 845 2598 ita
875 2560 986 2598 forte
1012 2559 1300 2598 restituendus
1324 2567 1549 2598 contextus
1569 2571 1670 2596 mu—

223 2623 349 2664 tilus:
379 2619 622 2669 κυιὶῐκομένη
641 2633 685 2660 τε
709 2619 777 2661 καὶ
796 2617 996 2660 τίκτουσα.
1028 2619 1218 2659 κυεῖσθαι
1234 2625 1313 2656 etc.
1372 2616 1500 2655 IuNG.
