<?xml version="1.0" encoding="UTF-8"?>
<!DOCTYPE html PUBLIC "-//W3C//DTD XHTML 1.0 Transitional//EN"
    "http://www.w3.org/TR/xhtml1/DTD/xhtml1-transitional.dtd">
<html xmlns="http://www.w3.org/1999/xhtml" xml:lang="en" lang="en">
 <head>
  <title>
</title>
<meta http-equiv="Content-Type" content="text/html;charset=utf-8" />
  <meta name='ocr-system' content='tesseract 3.04.00' />
  <meta name='ocr-capabilities' content='ocr_page ocr_carea ocr_par ocr_line ocrx_word'/>
</head>
<body>
  <div class='ocr_page' id='page_1' title='image "./onomasticon04polluoft/onomasticon04polluoft_0330.png"; bbox 0 0 1690 2944; ppageno 0'>
   <div class='ocr_carea' id='block_1_1' title="bbox 184 58 992 105">
    <p class='ocr_par' dir='ltr' id='par_1_1' title="bbox 184 58 992 105">
     <span class='ocr_line' id='line_1_1' title="bbox 184 58 992 105; baseline 0.004 -3"><span class='ocrx_word' id='word_1_1' title='bbox 184 60 265 102; x_wconf 79' lang='lat'><strong>324</strong></span> <span class='ocrx_word' id='word_1_2' title='bbox 810 58 867 102; x_wconf 93' lang='lat'><strong>11.</strong></span> <span class='ocrx_word' id='word_1_3' title='bbox 926 64 992 105; x_wconf 82' lang='lat'><strong>33</strong></span> 
     </span>
    </p>
   </div>
   <div class='ocr_carea' id='block_1_2' title="bbox 188 168 1626 284">
    <p class='ocr_par' dir='ltr' id='par_1_2' title="bbox 188 168 1626 284">
     <span class='ocr_line' id='line_1_2' title="bbox 188 168 1626 235; baseline 0.003 -25"><span class='ocrx_word' id='word_1_4' title='bbox 188 172 261 228; x_wconf 81' lang='lat' dir='ltr'><strong>qui</strong></span> <span class='ocrx_word' id='word_1_5' title='bbox 292 175 386 226; x_wconf 83' lang='lat' dir='ltr'><strong>plus</strong></span> <span class='ocrx_word' id='word_1_6' title='bbox 407 172 541 211; x_wconf 76' lang='lat' dir='ltr'><strong>nimio</strong></span> <span class='ocrx_word' id='word_1_7' title='bbox 573 168 866 226; x_wconf 84' lang='lat' dir='ltr'><strong>componendo</strong></span> <span class='ocrx_word' id='word_1_8' title='bbox 894 172 1083 227; x_wconf 84' lang='lat' dir='ltr'><strong>corporis</strong></span> <span class='ocrx_word' id='word_1_9' title='bbox 1102 172 1244 216; x_wconf 82' lang='lat' dir='ltr'><strong>decori</strong></span> <span class='ocrx_word' id='word_1_10' title='bbox 1266 172 1520 235; x_wconf 85' lang='lat' dir='ltr'><strong>impendunt</strong></span> <span class='ocrx_word' id='word_1_11' title='bbox 1539 184 1626 217; x_wconf 71' lang='lat' dir='ltr'><strong>ttu-</strong></span> 
     </span>
     <span class='ocr_line' id='line_1_3' title="bbox 190 229 974 284; baseline 0.003 -17"><span class='ocrx_word' id='word_1_12' title='bbox 190 229 277 279; x_wconf 88' lang='lat' dir='ltr'><strong>dii,</strong></span> <span class='ocrx_word' id='word_1_13' title='bbox 308 229 493 284; x_wconf 81' lang='lat' dir='ltr'>torqueri</span> <span class='ocrx_word' id='word_1_14' title='bbox 515 242 638 281; x_wconf 84' lang='lat' dir='ltr'><strong>posse</strong></span> <span class='ocrx_word' id='word_1_15' title='bbox 662 237 818 273; x_wconf 83' lang='lat' dir='ltr'><strong>monet.</strong></span> <span class='ocrx_word' id='word_1_16' title='bbox 875 229 974 271; x_wconf 78' lang='lat' dir='ltr'><strong>SEB.</strong></span> 
     </span>
    </p>
   </div>
   <div class='ocr_carea' id='block_1_3' title="bbox 188 295 1628 575">
    <p class='ocr_par' dir='ltr' id='par_1_3' title="bbox 188 295 1628 575">
     <span class='ocr_line' id='line_1_4' title="bbox 300 295 1627 364; baseline -0.001 -24"><span class='ocrx_word' id='word_1_17' title='bbox 300 299 512 350; x_wconf 77' lang='grc' dir='ltr'><strong><em>κείρεσθαι</em></strong></span> <span class='ocrx_word' id='word_1_18' title='bbox 531 295 653 353; x_wconf 75' lang='grc' dir='ltr'>διπλῇ</span> <span class='ocrx_word' id='word_1_19' title='bbox 667 296 884 362; x_wconf 41' lang='lat' dir='ltr'>paxualpqe]</span> <span class='ocrx_word' id='word_1_20' title='bbox 903 297 986 336; x_wconf 92' lang='lat' dir='ltr'><strong>Pro</strong></span> <span class='ocrx_word' id='word_1_21' title='bbox 1007 297 1126 356; x_wconf 75' lang='grc' dir='ltr'>διπλῇ</span> <span class='ocrx_word' id='word_1_22' title='bbox 1139 298 1245 352; x_wconf 85' lang='lat' dir='ltr'><strong>legit</strong></span> <span class='ocrx_word' id='word_1_23' title='bbox 1261 297 1308 340; x_wconf 89' lang='lat' dir='ltr'><strong>C.</strong></span> <span class='ocrx_word' id='word_1_24' title='bbox 1325 299 1375 344; x_wconf 86' lang='lat' dir='ltr'><strong>V.</strong></span> <span class='ocrx_word' id='word_1_25' title='bbox 1398 299 1484 364; x_wconf 68' lang='grc' dir='ltr'><strong>μιᾷ,</strong></span> <span class='ocrx_word' id='word_1_26' title='bbox 1510 298 1627 354; x_wconf 76' lang='lat' dir='ltr'><strong>quod</strong></span> 
     </span>
     <span class='ocr_line' id='line_1_5' title="bbox 188 342 1628 409; baseline 0.001 -17"><span class='ocrx_word' id='word_1_27' title='bbox 188 368 275 393; x_wconf 87' lang='lat' dir='ltr'><strong>non</strong></span> <span class='ocrx_word' id='word_1_28' title='bbox 312 351 499 406; x_wconf 86' lang='lat' dir='ltr'>quadrat.</span> <span class='ocrx_word' id='word_1_29' title='bbox 553 342 661 391; x_wconf 74' lang='lat' dir='ltr'><strong>Nain</strong></span> <span class='ocrx_word' id='word_1_30' title='bbox 686 353 761 406; x_wconf 82' lang='grc' dir='ltr'><strong>μιᾷ</strong></span> <span class='ocrx_word' id='word_1_31' title='bbox 787 354 963 406; x_wconf 76' lang='grc' dir='ltr'><strong><em>μαχαίρᾳ</em></strong></span> <span class='ocrx_word' id='word_1_32' title='bbox 989 343 1158 394; x_wconf 83' lang='lat' dir='ltr'><strong>tonderi</strong></span> <span class='ocrx_word' id='word_1_33' title='bbox 1189 354 1362 403; x_wconf 84' lang='lat' dir='ltr'><strong>dicitur,</strong></span> <span class='ocrx_word' id='word_1_34' title='bbox 1393 356 1468 409; x_wconf 87' lang='lat' dir='ltr'><strong>qui</strong></span> <span class='ocrx_word' id='word_1_35' title='bbox 1497 369 1628 394; x_wconf 80' lang='lat' dir='ltr'><strong>nova·</strong></span> 
     </span>
     <span class='ocr_line' id='line_1_6' title="bbox 190 406 1626 463; baseline 0.001 -14"><span class='ocrx_word' id='word_1_36' title='bbox 190 414 282 449; x_wconf 87' lang='lat' dir='ltr'><strong>cula</strong></span> <span class='ocrx_word' id='word_1_37' title='bbox 306 407 492 447; x_wconf 86' lang='lat' dir='ltr'><strong>raditur.</strong></span> <span class='ocrx_word' id='word_1_38' title='bbox 523 406 642 463; x_wconf 74' lang='grc' dir='ltr'>διπλῇ</span> <span class='ocrx_word' id='word_1_39' title='bbox 660 422 758 448; x_wconf 84' lang='lat' dir='ltr'><strong>vero</strong></span> <span class='ocrx_word' id='word_1_40' title='bbox 778 409 806 447; x_wconf 91' lang='lat' dir='ltr'><strong>i.</strong></span> <span class='ocrx_word' id='word_1_41' title='bbox 826 422 861 448; x_wconf 88' lang='lat' dir='ltr'><strong>e.</strong></span> <span class='ocrx_word' id='word_1_42' title='bbox 869 408 1105 460; x_wconf 82' lang='lat' dir='ltr'><strong>forsecula,</strong></span> <span class='ocrx_word' id='word_1_43' title='bbox 1122 409 1289 450; x_wconf 79' lang='lat' dir='ltr'><strong>tonderi</strong></span> <span class='ocrx_word' id='word_1_44' title='bbox 1310 411 1503 451; x_wconf 78' lang='lat' dir='ltr'><strong>solebant</strong></span> <span class='ocrx_word' id='word_1_45' title='bbox 1521 414 1626 451; x_wconf 85' lang='lat' dir='ltr'><strong>mol-</strong></span> 
     </span>
     <span class='ocr_line' id='line_1_7' title="bbox 188 453 1625 518; baseline 0.002 -15"><span class='ocrx_word' id='word_1_46' title='bbox 188 466 328 505; x_wconf 86' lang='lat' dir='ltr'><strong>liores.</strong></span> <span class='ocrx_word' id='word_1_47' title='bbox 390 464 539 502; x_wconf 81' lang='lat' dir='ltr'><strong>Iunius</strong></span> <span class='ocrx_word' id='word_1_48' title='bbox 557 453 750 518; x_wconf 82' lang='lat' dir='ltr'>adagium</span> <span class='ocrx_word' id='word_1_49' title='bbox 771 479 823 504; x_wconf 84' lang='lat' dir='ltr'>ex</span> <span class='ocrx_word' id='word_1_50' title='bbox 842 478 892 503; x_wconf 90' lang='lat' dir='ltr'><strong>eo</strong></span> <span class='ocrx_word' id='word_1_51' title='bbox 911 465 1047 504; x_wconf 85' lang='lat' dir='ltr'><strong>fecit</strong></span> <span class='ocrx_word' id='word_1_52' title='bbox 1035 479 1080 503; x_wconf 88' lang='grc' dir='ltr'><strong>ιιι</strong></span> <span class='ocrx_word' id='word_1_53' title='bbox 1101 464 1303 507; x_wconf 77' lang='lat' dir='ltr'><strong>delicatos</strong></span> <span class='ocrx_word' id='word_1_54' title='bbox 1323 467 1492 507; x_wconf 84' lang='lat' dir='ltr'><strong>iactum.</strong></span> <span class='ocrx_word' id='word_1_55' title='bbox 1525 467 1625 507; x_wconf 79' lang='lat' dir='ltr'>Cen-</span> 
     </span>
     <span class='ocr_line' id='line_1_8' title="bbox 189 520 937 575; baseline 0.001 -16"><span class='ocrx_word' id='word_1_56' title='bbox 189 531 271 562; x_wconf 81' lang='lat' dir='ltr'><strong>tur.</strong></span> <span class='ocrx_word' id='word_1_57' title='bbox 311 520 386 561; x_wconf 88' lang='lat' dir='ltr'><strong>IV.</strong></span> <span class='ocrx_word' id='word_1_58' title='bbox 415 521 613 564; x_wconf 74' lang='lat' dir='ltr'><strong>Proverb</strong></span> <span class='ocrx_word' id='word_1_59' title='bbox 635 534 700 575; x_wconf 85' lang='lat'><strong>97.</strong></span> <span class='ocrx_word' id='word_1_60' title='bbox 756 522 937 563; x_wconf 78' lang='lat' dir='ltr'><strong>KUEHN.</strong></span> 
     </span>
    </p>
   </div>
   <div class='ocr_carea' id='block_1_4' title="bbox 188 588 1626 1256">
    <p class='ocr_par' dir='ltr' id='par_1_4' title="bbox 188 588 1626 1256">
     <span class='ocr_line' id='line_1_9' title="bbox 299 588 1622 654; baseline 0.002 -24"><span class='ocrx_word' id='word_1_61' title='bbox 299 590 508 642; x_wconf 76' lang='grc' dir='ltr'><strong><em>κείρεσθαι</em></strong></span> <span class='ocrx_word' id='word_1_62' title='bbox 526 588 648 645; x_wconf 75' lang='grc' dir='ltr'>διπλῃ</span> <span class='ocrx_word' id='word_1_63' title='bbox 668 588 878 654; x_wconf 87' lang='grc' dir='ltr'><strong><em>μαχαίρᾳ]</em></strong></span> <span class='ocrx_word' id='word_1_64' title='bbox 909 589 1006 629; x_wconf 88' lang='lat' dir='ltr'><strong>MS.</strong></span> <span class='ocrx_word' id='word_1_65' title='bbox 1025 590 1148 642; x_wconf 84' lang='lat' dir='ltr'><strong>plane</strong></span> <span class='ocrx_word' id='word_1_66' title='bbox 1170 598 1315 629; x_wconf 84' lang='lat' dir='ltr'><strong>contra</strong></span> <span class='ocrx_word' id='word_1_67' title='bbox 1333 588 1486 632; x_wconf 87' lang='lat' dir='ltr'><strong>habet.</strong></span> <span class='ocrx_word' id='word_1_68' title='bbox 1521 590 1622 644; x_wconf 80' lang='grc' dir='ltr'><strong><em>κείρ.</em></strong></span> 
     </span>
     <span class='ocr_line' id='line_1_10' title="bbox 188 633 1625 700; baseline -0.002 -13"><span class='ocrx_word' id='word_1_69' title='bbox 188 643 264 700; x_wconf 79' lang='grc' dir='ltr'><strong>μιᾷ</strong></span> <span class='ocrx_word' id='word_1_70' title='bbox 292 662 383 698; x_wconf 79' lang='grc' dir='ltr'><strong><em>μαχ.</em></strong></span> <span class='ocrx_word' id='word_1_71' title='bbox 427 661 457 686; x_wconf 73' lang='grc' dir='ltr'><strong>ε·</strong></span> <span class='ocrx_word' id='word_1_72' title='bbox 486 661 521 686; x_wconf 88' lang='grc' dir='ltr'><strong>τ</strong></span> <span class='ocrx_word' id='word_1_73' title='bbox 551 633 897 698; x_wconf 79' lang='grc' dir='ltr'><strong><em>καλλοπιζόμενον·</em></strong></span> <span class='ocrx_word' id='word_1_74' title='bbox 949 661 1019 694; x_wconf 83' lang='grc' dir='ltr'><strong>την</strong></span> <span class='ocrx_word' id='word_1_75' title='bbox 1057 647 1091 686; x_wconf 80' lang='grc' dir='ltr'><strong>ὃ.</strong></span> <span class='ocrx_word' id='word_1_76' title='bbox 1123 644 1258 685; x_wconf 88' lang='lat' dir='ltr'><strong>firmat</strong></span> <span class='ocrx_word' id='word_1_77' title='bbox 1301 646 1520 686; x_wconf 75' lang='lat' dir='ltr'><strong>thesaurus</strong></span> <span class='ocrx_word' id='word_1_78' title='bbox 1551 646 1625 685; x_wconf 86' lang='lat' dir='ltr'><strong>ille</strong></span> 
     </span>
     <span class='ocr_line' id='line_1_11' title="bbox 190 699 1625 773; baseline 0.001 -33"><span class='ocrx_word' id='word_1_79' title='bbox 190 716 368 771; x_wconf 81' lang='lat' dir='ltr'>graecae</span> <span class='ocrx_word' id='word_1_80' title='bbox 389 700 653 739; x_wconf 84' lang='lat' dir='ltr'><strong>litteraturae</strong></span> <span class='ocrx_word' id='word_1_81' title='bbox 680 701 934 769; x_wconf 75' lang='lat' dir='ltr'><strong>Hesyclzium</strong></span> <span class='ocrx_word' id='word_1_82' title='bbox 965 700 1074 748; x_wconf 88' lang='lat' dir='ltr'><strong>dico,</strong></span> <span class='ocrx_word' id='word_1_83' title='bbox 1081 702 1186 773; x_wconf 57' lang='lat' dir='ltr'><strong>...qni</strong></span> <span class='ocrx_word' id='word_1_84' title='bbox 1190 701 1272 742; x_wconf 81' lang='lat' dir='ltr'><strong>ita:</strong></span> <span class='ocrx_word' id='word_1_85' title='bbox 1302 703 1458 753; x_wconf 79' lang='grc' dir='ltr'><strong><em>Κηπος,</em></strong></span> <span class='ocrx_word' id='word_1_86' title='bbox 1490 699 1625 756; x_wconf 81' lang='grc' dir='ltr'><strong><em>παρά-</em></strong></span> 
     </span>
     <span class='ocr_line' id='line_1_12' title="bbox 190 755 1626 825; baseline 0.001 -26"><span class='ocrx_word' id='word_1_87' title='bbox 190 762 321 806; x_wconf 80' lang='grc' dir='ltr'>δεισος</span> <span class='ocrx_word' id='word_1_88' title='bbox 340 755 368 825; x_wconf 68' lang='lat'><strong>⁷}</strong></span> <span class='ocrx_word' id='word_1_89' title='bbox 395 757 497 805; x_wconf 76' lang='grc' dir='ltr'><strong><em>εἶδος</em></strong></span> <span class='ocrx_word' id='word_1_90' title='bbox 525 757 672 808; x_wconf 78' lang='grc' dir='ltr'><strong><em>κουρᾶς</em></strong></span> <span class='ocrx_word' id='word_1_91' title='bbox 698 770 809 810; x_wconf 77' lang='grc' dir='ltr'><strong><em>παρα</em></strong></span> <span class='ocrx_word' id='word_1_92' title='bbox 840 757 1043 811; x_wconf 73' lang='grc' dir='ltr'>Πέρσαις,</span> <span class='ocrx_word' id='word_1_93' title='bbox 1072 755 1124 805; x_wconf 78' lang='grc' dir='ltr'><strong>ἢν</strong></span> <span class='ocrx_word' id='word_1_94' title='bbox 1148 761 1186 799; x_wconf 85' lang='grc' dir='ltr'><strong><em>οἱ</em></strong></span> <span class='ocrx_word' id='word_1_95' title='bbox 1209 755 1486 811; x_wconf 79' lang='grc' dir='ltr'><strong><em>θρυπτόμενοι</em></strong></span> <span class='ocrx_word' id='word_1_96' title='bbox 1517 759 1626 800; x_wconf 77' lang='grc' dir='ltr'><strong><em>ἐκεί-</em></strong></span> 
     </span>
     <span class='ocr_line' id='line_1_13' title="bbox 189 812 1625 881; baseline -0.002 -23"><span class='ocrx_word' id='word_1_97' title='bbox 189 830 302 867; x_wconf 80' lang='grc' dir='ltr'><strong><em>ροντο</em></strong></span> <span class='ocrx_word' id='word_1_98' title='bbox 326 831 380 862; x_wconf 83' lang='grc' dir='ltr'><strong>ως</strong></span> <span class='ocrx_word' id='word_1_99' title='bbox 405 815 551 855; x_wconf 77' lang='grc' dir='ltr'><strong><em>ἐπίπαν</em></strong></span> <span class='ocrx_word' id='word_1_100' title='bbox 583 812 624 855; x_wconf 73' lang='grc' dir='ltr'><strong>ἐν</strong></span> <span class='ocrx_word' id='word_1_101' title='bbox 651 815 725 881; x_wconf 83' lang='grc' dir='ltr'><strong>μιᾷ</strong></span> <span class='ocrx_word' id='word_1_102' title='bbox 752 815 943 867; x_wconf 88' lang='grc' dir='ltr'><strong><em>μαχαίρᾳ.</em></strong></span> <span class='ocrx_word' id='word_1_103' title='bbox 1002 812 1142 868; x_wconf 82' lang='lat' dir='ltr'><strong>Idem·</strong></span> <span class='ocrx_word' id='word_1_104' title='bbox 1176 812 1510 870; x_wconf 77' lang='grc' dir='ltr'>Μιαιμάχαιραι,</span> <span class='ocrx_word' id='word_1_105' title='bbox 1551 812 1625 864; x_wconf 72' lang='grc' dir='ltr'><strong>τήν</strong></span> 
     </span>
     <span class='ocr_line' id='line_1_14' title="bbox 191 865 1624 925; baseline -0.002 -13"><span class='ocrx_word' id='word_1_106' title='bbox 191 870 398 925; x_wconf 68' lang='grc' dir='ltr'><strong><em>λεγομένην</em></strong></span> <span class='ocrx_word' id='word_1_107' title='bbox 423 870 549 918; x_wconf 77' lang='grc' dir='ltr'><strong><em>κῆπον</em></strong></span> <span class='ocrx_word' id='word_1_108' title='bbox 579 886 729 922; x_wconf 84' lang='grc' dir='ltr'><strong><em>κουραν</em></strong></span> <span class='ocrx_word' id='word_1_109' title='bbox 755 871 1020 924; x_wconf 81' lang='grc' dir='ltr'><strong><em>μιαιμαχαίρᾳ</em></strong></span> <span class='ocrx_word' id='word_1_110' title='bbox 1053 865 1269 922; x_wconf 75' lang='grc' dir='ltr'><strong><em>ἰκείροντο·</em></strong></span> <span class='ocrx_word' id='word_1_111' title='bbox 1311 870 1387 910; x_wconf 89' lang='lat' dir='ltr'><strong>ubi</strong></span> <span class='ocrx_word' id='word_1_112' title='bbox 1425 869 1624 910; x_wconf 84' lang='lat' dir='ltr'><strong>audacter</strong></span> 
     </span>
     <span class='ocr_line' id='line_1_15' title="bbox 190 925 1626 996; baseline -0.002 -30"><span class='ocrx_word' id='word_1_113' title='bbox 190 925 382 971; x_wconf 84' lang='lat' dir='ltr'>emendo,</span> <span class='ocrx_word' id='word_1_114' title='bbox 410 927 485 978; x_wconf 83' lang='grc' dir='ltr'><strong>μιᾷ</strong></span> <span class='ocrx_word' id='word_1_115' title='bbox 514 927 707 990; x_wconf 81' lang='grc' dir='ltr'><strong><em>μαχαίρᾳ,</em></strong></span> <span class='ocrx_word' id='word_1_116' title='bbox 735 943 769 966; x_wconf 81' lang='grc' dir='ltr'><strong>τ.</strong></span> <span class='ocrx_word' id='word_1_117' title='bbox 801 931 837 967; x_wconf 85' lang='grc' dir='ltr'><strong>λ.</strong></span> <span class='ocrx_word' id='word_1_118' title='bbox 868 943 903 967; x_wconf 87' lang='grc' dir='ltr'><strong>κ.</strong></span> <span class='ocrx_word' id='word_1_119' title='bbox 935 943 971 967; x_wconf 84' lang='grc' dir='ltr'><strong>κ.</strong></span> <span class='ocrx_word' id='word_1_120' title='bbox 1005 926 1085 992; x_wconf 83' lang='grc' dir='ltr'><strong>μιᾷ</strong></span> <span class='ocrx_word' id='word_1_121' title='bbox 1102 928 1283 996; x_wconf 82' lang='grc' dir='ltr'><strong><em>μαχαίρᾳ</em></strong></span> <span class='ocrx_word' id='word_1_122' title='bbox 1300 929 1358 970; x_wconf 77' lang='grc' dir='ltr'><strong>ἐκ.</strong></span> <span class='ocrx_word' id='word_1_123' title='bbox 1416 925 1519 968; x_wconf 84' lang='lat' dir='ltr'><strong>Sine</strong></span> <span class='ocrx_word' id='word_1_124' title='bbox 1541 925 1626 965; x_wconf 86' lang='lat' dir='ltr'><strong>du-</strong></span> 
     </span>
     <span class='ocr_line' id='line_1_16' title="bbox 189 979 1625 1035; baseline 0 -14"><span class='ocrx_word' id='word_1_125' title='bbox 189 982 264 1021; x_wconf 90' lang='lat' dir='ltr'><strong>bio</strong></span> <span class='ocrx_word' id='word_1_126' title='bbox 284 981 396 1021; x_wconf 89' lang='lat' dir='ltr'><strong>enim</strong></span> <span class='ocrx_word' id='word_1_127' title='bbox 427 981 472 1018; x_wconf 87' lang='lat' dir='ltr'><strong>in</strong></span> <span class='ocrx_word' id='word_1_128' title='bbox 506 982 638 1021; x_wconf 88' lang='lat' dir='ltr'><strong>veteri</strong></span> <span class='ocrx_word' id='word_1_129' title='bbox 671 982 766 1024; x_wconf 88' lang='lat' dir='ltr'><strong>MS.</strong></span> <span class='ocrx_word' id='word_1_130' title='bbox 805 982 1011 1034; x_wconf 78' lang='lat' dir='ltr'><strong>Hesychia</strong></span> <span class='ocrx_word' id='word_1_131' title='bbox 1038 999 1082 1024; x_wconf 79' lang='grc' dir='ltr'><strong><em>το</em></strong></span> <span class='ocrx_word' id='word_1_132' title='bbox 1115 1000 1170 1035; x_wconf 85' lang='grc' dir='ltr'><strong>μη</strong></span> <span class='ocrx_word' id='word_1_133' title='bbox 1209 979 1506 1035; x_wconf 69' lang='grc' dir='ltr'><strong>ἐκᾳωνούμινον</strong></span> <span class='ocrx_word' id='word_1_134' title='bbox 1535 982 1625 1021; x_wconf 87' lang='lat' dir='ltr'><strong>iota</strong></span> 
     </span>
     <span class='ocr_line' id='line_1_17' title="bbox 191 1036 1623 1092; baseline -0.001 -15"><span class='ocrx_word' id='word_1_135' title='bbox 191 1038 277 1077; x_wconf 83' lang='lat' dir='ltr'><strong>fuit</strong></span> <span class='ocrx_word' id='word_1_136' title='bbox 296 1036 553 1089; x_wconf 85' lang='lat' dir='ltr'><strong>adscriptum</strong></span> <span class='ocrx_word' id='word_1_137' title='bbox 574 1037 761 1087; x_wconf 84' lang='lat' dir='ltr'><strong>litterae,</strong></span> <span class='ocrx_word' id='word_1_138' title='bbox 799 1047 847 1076; x_wconf 91' lang='lat' dir='ltr'><strong>ut</strong></span> <span class='ocrx_word' id='word_1_139' title='bbox 876 1039 920 1075; x_wconf 88' lang='lat' dir='ltr'><strong>in</strong></span> <span class='ocrx_word' id='word_1_140' title='bbox 940 1038 1035 1077; x_wconf 88' lang='lat' dir='ltr'><strong>MS.</strong></span> <span class='ocrx_word' id='word_1_141' title='bbox 1066 1047 1209 1079; x_wconf 84' lang='lat' dir='ltr'><strong>nostro</strong></span> <span class='ocrx_word' id='word_1_142' title='bbox 1232 1041 1403 1078; x_wconf 82' lang='lat' dir='ltr'><strong>Polluce</strong></span> <span class='ocrx_word' id='word_1_143' title='bbox 1421 1047 1623 1092; x_wconf 84' lang='lat' dir='ltr'><strong>perpetuo</strong></span> 
     </span>
     <span class='ocr_line' id='line_1_18' title="bbox 191 1092 1626 1148; baseline -0.001 -15"><span class='ocrx_word' id='word_1_144' title='bbox 191 1093 404 1142; x_wconf 85' lang='lat' dir='ltr'><strong>videmus,</strong></span> <span class='ocrx_word' id='word_1_145' title='bbox 436 1092 548 1144; x_wconf 88' lang='lat' dir='ltr'><strong>quod</strong></span> <span class='ocrx_word' id='word_1_146' title='bbox 569 1095 699 1148; x_wconf 81' lang='lat' dir='ltr'><strong>vulgo</strong></span> <span class='ocrx_word' id='word_1_147' title='bbox 723 1092 931 1131; x_wconf 87' lang='lat' dir='ltr'><strong>subscribi</strong></span> <span class='ocrx_word' id='word_1_148' title='bbox 951 1096 1069 1134; x_wconf 89' lang='lat' dir='ltr'><strong>solet.</strong></span> <span class='ocrx_word' id='word_1_149' title='bbox 1105 1093 1205 1135; x_wconf 88' lang='lat' dir='ltr'><strong>iude</strong></span> <span class='ocrx_word' id='word_1_150' title='bbox 1225 1096 1389 1135; x_wconf 86' lang='lat' dir='ltr'><strong>scilicet</strong></span> <span class='ocrx_word' id='word_1_151' title='bbox 1409 1108 1523 1134; x_wconf 87' lang='lat' dir='ltr'><strong>error</strong></span> <span class='ocrx_word' id='word_1_152' title='bbox 1539 1093 1626 1132; x_wconf 87' lang='lat' dir='ltr'><strong>fuit</strong></span> 
     </span>
     <span class='ocr_line' id='line_1_19' title="bbox 190 1115 1626 1207; baseline 0.001 -18"><span class='ocrx_word' id='word_1_153' title='bbox 190 1148 520 1202; x_wconf 80' lang='lat' dir='ltr'><strong>exsc1iptoribus</strong></span> <span class='ocrx_word' id='word_1_154' title='bbox 543 1115 748 1195; x_wconf 88' lang='lat' dir='ltr'><strong>obiectus,</strong></span> <span class='ocrx_word' id='word_1_155' title='bbox 806 1148 964 1187; x_wconf 82' lang='lat' dir='ltr'><strong>Firmat</strong></span> <span class='ocrx_word' id='word_1_156' title='bbox 985 1148 1130 1203; x_wconf 84' lang='lat' dir='ltr'><strong>magis</strong></span> <span class='ocrx_word' id='word_1_157' title='bbox 1139 1154 1259 1190; x_wconf 90' lang='lat' dir='ltr'><strong>locus</strong></span> <span class='ocrx_word' id='word_1_158' title='bbox 1279 1165 1399 1207; x_wconf 84' lang='lat' dir='ltr'><strong>quem</strong></span> <span class='ocrx_word' id='word_1_159' title='bbox 1416 1153 1457 1193; x_wconf 75' lang='grc' dir='ltr'><strong>ἐν</strong></span> <span class='ocrx_word' id='word_1_160' title='bbox 1475 1147 1626 1204; x_wconf 87' lang='grc' dir='ltr'><strong><em>Λχαρ-</em></strong></span> 
     </span>
     <span class='ocr_line' id='line_1_20' title="bbox 190 1204 851 1256; baseline -0.006 -8"><span class='ocrx_word' id='word_1_161' title='bbox 190 1207 302 1248; x_wconf 79' lang='grc' dir='ltr'>νεῦσι</span> <span class='ocrx_word' id='word_1_162' title='bbox 324 1205 662 1256; x_wconf 70' lang='lat' dir='ltr'><strong>Aristophanis·</strong></span> <span class='ocrx_word' id='word_1_163' title='bbox 652 1204 851 1245; x_wconf 75' lang='lat' dir='ltr'><strong>invenio.</strong></span> 
     </span>
    </p>
   </div>
   <div class='ocr_carea' id='block_1_5' title="bbox 356 1268 1446 1385">
    <p class='ocr_par' dir='ltr' id='par_1_5' title="bbox 356 1268 1446 1385">
     <span class='ocr_line' id='line_1_21' title="bbox 356 1268 1446 1339; baseline 0.004 -25"><span class='ocrx_word' id='word_1_164' title='bbox 356 1289 377 1314; x_wconf 92' lang='grc' dir='ltr'><strong><em>ο</em></strong></span> <span class='ocrx_word' id='word_1_165' title='bbox 409 1270 451 1313; x_wconf 81' lang='grc' dir='ltr'><strong>δ’</strong></span> <span class='ocrx_word' id='word_1_166' title='bbox 478 1270 653 1339; x_wconf 65' lang='grc' dir='ltr'><strong><em>ἐντυχών</em></strong></span> <span class='ocrx_word' id='word_1_167' title='bbox 681 1274 723 1314; x_wconf 79' lang='grc' dir='ltr'><strong>ἐν</strong></span> <span class='ocrx_word' id='word_1_168' title='bbox 753 1290 799 1328; x_wconf 79' lang='grc' dir='ltr'><strong>τῃ</strong></span> <span class='ocrx_word' id='word_1_169' title='bbox 827 1270 935 1326; x_wconf 79' lang='grc' dir='ltr'><strong><em>’γορᾷ</em></strong></span> <span class='ocrx_word' id='word_1_170' title='bbox 961 1268 1154 1338; x_wconf 78' lang='grc' dir='ltr'>πρόσεισί</span> <span class='ocrx_word' id='word_1_171' title='bbox 1185 1288 1250 1315; x_wconf 82' lang='grc' dir='ltr'><strong>σοι</strong></span> <span class='ocrx_word' id='word_1_172' title='bbox 1274 1276 1446 1326; x_wconf 81' lang='grc' dir='ltr'><strong><em>βαδίζων</em></strong></span> 
     </span>
     <span class='ocr_line' id='line_1_22' title="bbox 356 1323 1439 1385; baseline 0.002 -15"><span class='ocrx_word' id='word_1_173' title='bbox 356 1330 576 1382; x_wconf 80' lang='grc' dir='ltr'>Κραιινος,</span> <span class='ocrx_word' id='word_1_174' title='bbox 612 1323 677 1369; x_wconf 82' lang='grc' dir='ltr'><strong><em>αεὶ</em></strong></span> <span class='ocrx_word' id='word_1_175' title='bbox 700 1330 939 1383; x_wconf 74' lang='grc' dir='ltr'><strong><em>κεκαρμένον</em></strong></span> <span class='ocrx_word' id='word_1_176' title='bbox 970 1326 1113 1383; x_wconf 77' lang='grc' dir='ltr'>μοιχόν</span> <span class='ocrx_word' id='word_1_177' title='bbox 1141 1333 1219 1382; x_wconf 83' lang='grc' dir='ltr'><strong>μιᾷ</strong></span> <span class='ocrx_word' id='word_1_178' title='bbox 1244 1333 1439 1385; x_wconf 86' lang='grc' dir='ltr'><strong><em>μαχαίρᾳ.</em></strong></span> 
     </span>
    </p>
   </div>
   <div class='ocr_carea' id='block_1_6' title="bbox 189 1394 1623 1784">
    <p class='ocr_par' dir='ltr' id='par_1_6' title="bbox 189 1394 1623 1784">
     <span class='ocr_line' id='line_1_23' title="bbox 190 1394 1623 1450; baseline 0 -14"><span class='ocrx_word' id='word_1_179' title='bbox 190 1398 248 1437; x_wconf 86' lang='lat' dir='ltr'><strong>Et</strong></span> <span class='ocrx_word' id='word_1_180' title='bbox 272 1396 382 1434; x_wconf 80' lang='lat' dir='ltr'><strong>infra</strong></span> <span class='ocrx_word' id='word_1_181' title='bbox 402 1398 521 1433; x_wconf 90' lang='lat' dir='ltr'><strong>locus</strong></span> <span class='ocrx_word' id='word_1_182' title='bbox 551 1395 605 1445; x_wconf 91' lang='lat' dir='ltr'><strong>X,</strong></span> <span class='ocrx_word' id='word_1_183' title='bbox 640 1395 729 1436; x_wconf 75' lang='lat'><strong>140.</strong></span> <span class='ocrx_word' id='word_1_184' title='bbox 760 1398 885 1448; x_wconf 87' lang='lat' dir='ltr'><strong>plane</strong></span> <span class='ocrx_word' id='word_1_185' title='bbox 911 1396 1101 1450; x_wconf 80' lang='lat' dir='ltr'><strong>geminus</strong></span> <span class='ocrx_word' id='word_1_186' title='bbox 1122 1394 1254 1434; x_wconf 88' lang='lat' dir='ltr'><strong>huic</strong></span> <span class='ocrx_word' id='word_1_187' title='bbox 1242 1411 1286 1435; x_wconf 87' lang='grc' dir='ltr'><strong>ιιι</strong></span> <span class='ocrx_word' id='word_1_188' title='bbox 1309 1399 1494 1438; x_wconf 83' lang='lat' dir='ltr'><strong>Polluce.</strong></span> <span class='ocrx_word' id='word_1_189' title='bbox 1552 1398 1623 1436; x_wconf 89' lang='lat' dir='ltr'><strong>De</strong></span> 
     </span>
     <span class='ocr_line' id='line_1_24' title="bbox 191 1449 1621 1508; baseline 0.001 -17"><span class='ocrx_word' id='word_1_190' title='bbox 191 1455 364 1506; x_wconf 84' lang='lat' dir='ltr'><strong>vulgato</strong></span> <span class='ocrx_word' id='word_1_191' title='bbox 387 1451 430 1488; x_wconf 87' lang='lat' dir='ltr'><strong>in</strong></span> <span class='ocrx_word' id='word_1_192' title='bbox 454 1452 627 1489; x_wconf 80' lang='lat' dir='ltr'>Polluce</span> <span class='ocrx_word' id='word_1_193' title='bbox 650 1449 737 1491; x_wconf 87' lang='lat' dir='ltr'><strong>vid.</strong></span> <span class='ocrx_word' id='word_1_194' title='bbox 760 1452 919 1493; x_wconf 90' lang='lat' dir='ltr'><strong>Comm.</strong></span> <span class='ocrx_word' id='word_1_195' title='bbox 939 1452 1007 1491; x_wconf 81' lang='lat' dir='ltr'><strong>avi</strong></span> <span class='ocrx_word' id='word_1_196' title='bbox 1031 1465 1118 1505; x_wconf 86' lang='lat' dir='ltr'><strong>cap.</strong></span> <span class='ocrx_word' id='word_1_197' title='bbox 1149 1451 1239 1495; x_wconf 81' lang='lat'><strong>106.</strong></span> <span class='ocrx_word' id='word_1_198' title='bbox 1259 1462 1300 1492; x_wconf 90' lang='lat' dir='ltr'><strong>et</strong></span> <span class='ocrx_word' id='word_1_199' title='bbox 1318 1454 1482 1494; x_wconf 77' lang='lat' dir='ltr'><strong>Erasm.</strong></span> <span class='ocrx_word' id='word_1_200' title='bbox 1502 1452 1621 1508; x_wconf 81' lang='lat' dir='ltr'><strong>adag.</strong></span> 
     </span>
     <span class='ocr_line' id='line_1_25' title="bbox 190 1504 743 1561; baseline -0.006 -13"><span class='ocrx_word' id='word_1_201' title='bbox 190 1510 320 1547; x_wconf 73' lang='lat' dir='ltr'><em>Binis</em></span> <span class='ocrx_word' id='word_1_202' title='bbox 340 1504 743 1561; x_wconf 74' lang='lat' dir='ltr'><strong>tonderiforfieibus.</strong></span> 
     </span>
     <span class='ocr_line' id='line_1_26' title="bbox 300 1561 1555 1619; baseline -0.003 -13"><span class='ocrx_word' id='word_1_203' title='bbox 300 1581 371 1613; x_wconf 80' lang='grc' dir='ltr'><strong>την</strong></span> <span class='ocrx_word' id='word_1_204' title='bbox 391 1565 433 1605; x_wconf 72' lang='grc' dir='ltr'><strong>δὲ</strong></span> <span class='ocrx_word' id='word_1_205' title='bbox 452 1563 690 1619; x_wconf 81' lang='grc' dir='ltr'><strong><em>μάχαιραν]</em></strong></span> <span class='ocrx_word' id='word_1_206' title='bbox 723 1564 771 1607; x_wconf 89' lang='lat' dir='ltr'><strong>C.</strong></span> <span class='ocrx_word' id='word_1_207' title='bbox 793 1563 845 1603; x_wconf 88' lang='lat' dir='ltr'><strong>A.</strong></span> <span class='ocrx_word' id='word_1_208' title='bbox 873 1561 1020 1614; x_wconf 77' lang='grc' dir='ltr'><strong><em>ταύτην</em></strong></span> <span class='ocrx_word' id='word_1_209' title='bbox 1039 1581 1111 1613; x_wconf 86' lang='grc' dir='ltr'><strong>την</strong></span> <span class='ocrx_word' id='word_1_210' title='bbox 1130 1581 1345 1618; x_wconf 79' lang='grc' dir='ltr'><strong><em>μαχαιραν.</em></strong></span> <span class='ocrx_word' id='word_1_211' title='bbox 1375 1565 1555 1604; x_wconf 73' lang='lat' dir='ltr'><strong>Kumm.</strong></span> 
     </span>
     <span class='ocr_line' id='line_1_27' title="bbox 300 1619 1623 1675; baseline 0.003 -19"><span class='ocrx_word' id='word_1_212' title='bbox 300 1621 506 1674; x_wconf 75' lang='grc' dir='ltr'><strong><em>ψαλλίδα]</em></strong></span> <span class='ocrx_word' id='word_1_213' title='bbox 537 1621 584 1659; x_wconf 92' lang='lat' dir='ltr'><strong>P.</strong></span> <span class='ocrx_word' id='word_1_214' title='bbox 617 1619 666 1659; x_wconf 90' lang='lat' dir='ltr'><strong>V.</strong></span> <span class='ocrx_word' id='word_1_215' title='bbox 694 1629 736 1658; x_wconf 88' lang='lat' dir='ltr'><strong>et</strong></span> <span class='ocrx_word' id='word_1_216' title='bbox 765 1620 817 1658; x_wconf 93' lang='lat' dir='ltr'><strong>A.</strong></span> <span class='ocrx_word' id='word_1_217' title='bbox 847 1623 1020 1675; x_wconf 80' lang='grc' dir='ltr'><strong><em>ψαλί,δα</em></strong></span> <span class='ocrx_word' id='word_1_218' title='bbox 1052 1620 1623 1675; x_wconf 76' lang='lat' dir='ltr'><strong>infraquoqueX,14o.et</strong></span> 
     </span>
     <span class='ocr_line' id='line_1_28' title="bbox 194 1674 1620 1741; baseline -0.001 -24"><span class='ocrx_word' id='word_1_219' title='bbox 194 1675 286 1731; x_wconf 84' lang='grc'><strong>149.</strong></span> <span class='ocrx_word' id='word_1_220' title='bbox 299 1677 452 1741; x_wconf 37' lang='grc' dir='ltr'><strong><em>,ψαλίςκ</em></strong></span> <span class='ocrx_word' id='word_1_221' title='bbox 488 1689 563 1714; x_wconf 87' lang='lat' dir='ltr'><strong>nec</strong></span> <span class='ocrx_word' id='word_1_222' title='bbox 583 1674 666 1712; x_wconf 85' lang='lat' dir='ltr'><strong>nisi</strong></span> <span class='ocrx_word' id='word_1_223' title='bbox 685 1675 811 1713; x_wconf 86' lang='lat' dir='ltr'><strong>unico</strong></span> <span class='ocrx_word' id='word_1_224' title='bbox 833 1681 868 1717; x_wconf 87' lang='grc' dir='ltr'><strong>λ.</strong></span> <span class='ocrx_word' id='word_1_225' title='bbox 900 1678 995 1715; x_wconf 75' lang='lat' dir='ltr'><strong>Ian.</strong></span> <span class='ocrx_word' id='word_1_226' title='bbox 1034 1676 1078 1713; x_wconf 88' lang='lat' dir='ltr'><strong>in</strong></span> <span class='ocrx_word' id='word_1_227' title='bbox 1112 1690 1258 1715; x_wconf 89' lang='lat' dir='ltr'>comm</span> <span class='ocrx_word' id='word_1_228' title='bbox 1292 1676 1343 1717; x_wconf 88' lang='lat' dir='ltr'><strong>de</strong></span> <span class='ocrx_word' id='word_1_229' title='bbox 1379 1689 1517 1716; x_wconf 83' lang='lat' dir='ltr'><strong>coma:</strong></span> <span class='ocrx_word' id='word_1_230' title='bbox 1560 1686 1620 1716; x_wconf 88' lang='lat' dir='ltr'><strong>ta-</strong></span> 
     </span>
     <span class='ocr_line' id='line_1_29' title="bbox 189 1729 1190 1784; baseline -0.001 -13"><span class='ocrx_word' id='word_1_231' title='bbox 189 1731 312 1773; x_wconf 85' lang='lat' dir='ltr'><strong>metsi</strong></span> <span class='ocrx_word' id='word_1_232' title='bbox 334 1732 378 1770; x_wconf 85' lang='lat' dir='ltr'><strong>in</strong></span> <span class='ocrx_word' id='word_1_233' title='bbox 402 1729 530 1784; x_wconf 84' lang='lat' dir='ltr'><strong>Adag.</strong></span> <span class='ocrx_word' id='word_1_234' title='bbox 568 1745 659 1769; x_wconf 89' lang='lat' dir='ltr'><strong>cum</strong></span> <span class='ocrx_word' id='word_1_235' title='bbox 683 1729 845 1784; x_wconf 87' lang='lat' dir='ltr'><strong>duplici</strong></span> <span class='ocrx_word' id='word_1_236' title='bbox 867 1732 1033 1774; x_wconf 83' lang='lat' dir='ltr'><strong>scribat.</strong></span> <span class='ocrx_word' id='word_1_237' title='bbox 1092 1732 1190 1771; x_wconf 63' lang='lat' dir='ltr'><strong>San.</strong></span> 
     </span>
    </p>
   </div>
   <div class='ocr_carea' id='block_1_7' title="bbox 182 1797 1619 2063">
    <p class='ocr_par' dir='ltr' id='par_1_7' title="bbox 182 1797 1619 1967">
     <span class='ocr_line' id='line_1_30' title="bbox 299 1797 1619 1853; baseline -0.002 -13"><span class='ocrx_word' id='word_1_238' title='bbox 299 1797 509 1852; x_wconf 84' lang='grc' dir='ltr'><strong><em>ψαλλίδα]</em></strong></span> <span class='ocrx_word' id='word_1_239' title='bbox 554 1797 601 1837; x_wconf 92' lang='lat' dir='ltr'><strong>C.</strong></span> <span class='ocrx_word' id='word_1_240' title='bbox 630 1798 680 1836; x_wconf 92' lang='lat' dir='ltr'><strong>V.</strong></span> <span class='ocrx_word' id='word_1_241' title='bbox 707 1800 878 1853; x_wconf 80' lang='grc' dir='ltr'><strong><em>ψαλίδα,</em></strong></span> <span class='ocrx_word' id='word_1_242' title='bbox 907 1809 1031 1839; x_wconf 85' lang='lat' dir='ltr'><strong>recte.</strong></span> <span class='ocrx_word' id='word_1_243' title='bbox 1074 1800 1286 1837; x_wconf 78' lang='lat' dir='ltr'><strong>Onomast.</strong></span> <span class='ocrx_word' id='word_1_244' title='bbox 1314 1798 1511 1850; x_wconf 71' lang='lat' dir='ltr'><strong>forfices,</strong></span> <span class='ocrx_word' id='word_1_245' title='bbox 1538 1813 1619 1853; x_wconf 80' lang='grc' dir='ltr'><strong>ψα-</strong></span> 
     </span>
     <span class='ocr_line' id='line_1_31' title="bbox 190 1851 1618 1923; baseline -0.004 -24"><span class='ocrx_word' id='word_1_246' title='bbox 190 1857 310 1902; x_wconf 79' lang='grc' dir='ltr'><strong><em>λίδες.</em></strong></span> <span class='ocrx_word' id='word_1_247' title='bbox 341 1855 409 1894; x_wconf 91' lang='lat' dir='ltr'><strong>Gl</strong></span> <span class='ocrx_word' id='word_1_248' title='bbox 435 1851 574 1906; x_wconf 67' lang='lat' dir='ltr'><strong>Cyrl‘ll·</strong></span> <span class='ocrx_word' id='word_1_249' title='bbox 595 1851 767 1923; x_wconf 67' lang='lat' dir='ltr'><strong><em>forfisso,</em></strong></span> <span class='ocrx_word' id='word_1_250' title='bbox 801 1857 970 1907; x_wconf 78' lang='grc' dir='ltr'><strong><em>ψαλίζω.</em></strong></span> <span class='ocrx_word' id='word_1_251' title='bbox 1001 1858 1123 1908; x_wconf 81' lang='grc' dir='ltr'><strong><em>ψαλῖς</em></strong></span> <span class='ocrx_word' id='word_1_252' title='bbox 1145 1872 1167 1904; x_wconf 87' lang='grc' dir='ltr'><em>η</em></span> <span class='ocrx_word' id='word_1_253' title='bbox 1190 1855 1259 1897; x_wconf 76' lang='grc' dir='ltr'><strong><em>τοῦ</em></strong></span> <span class='ocrx_word' id='word_1_254' title='bbox 1276 1854 1618 1911; x_wconf 64' lang='lat' dir='ltr'><strong>(5⁰2²120v2f0rf02&#39;,</strong></span> 
     </span>
     <span class='ocr_line' id='line_1_32' title="bbox 182 1909 1170 1967; baseline -0.001 -16"><span class='ocrx_word' id='word_1_255' title='bbox 182 1907 930 1967; x_wconf 64' lang='lat' dir='ltr'><strong>forjecula.1pale;·vqa1pecArcus.</strong></span> <span class='ocrx_word' id='word_1_256' title='bbox 988 1914 1170 1950; x_wconf 79' lang='lat' dir='ltr'><strong>KUEHN.</strong></span> 
     </span>
    </p>

    <p class='ocr_par' dir='ltr' id='par_1_8' title="bbox 189 1965 1618 2063">
     <span class='ocr_line' id='line_1_33' title="bbox 298 1965 1618 2020; baseline 0.002 -14"><span class='ocrx_word' id='word_1_257' title='bbox 298 1965 502 2020; x_wconf 80' lang='grc' dir='ltr'><strong><em>ψαλλίδα]</em></strong></span> <span class='ocrx_word' id='word_1_258' title='bbox 537 1967 689 2017; x_wconf 79' lang='grc' dir='ltr'><strong><em>ψαλίδα</em></strong></span> <span class='ocrx_word' id='word_1_259' title='bbox 712 1966 807 2006; x_wconf 90' lang='lat' dir='ltr'><strong>MS.</strong></span> <span class='ocrx_word' id='word_1_260' title='bbox 836 1977 948 2008; x_wconf 84' lang='lat' dir='ltr'><strong>recte</strong></span> <span class='ocrx_word' id='word_1_261' title='bbox 968 1976 1010 2008; x_wconf 87' lang='lat' dir='ltr'><strong>et</strong></span> <span class='ocrx_word' id='word_1_262' title='bbox 1031 1969 1090 2008; x_wconf 87' lang='lat' dir='ltr'><strong>H.</strong></span> <span class='ocrx_word' id='word_1_263' title='bbox 1110 1967 1244 2020; x_wconf 73' lang='lat' dir='ltr'><strong>steph.</strong></span> <span class='ocrx_word' id='word_1_264' title='bbox 1282 1967 1327 2007; x_wconf 88' lang='lat' dir='ltr'><strong>in</strong></span> <span class='ocrx_word' id='word_1_265' title='bbox 1347 1981 1425 2007; x_wconf 82' lang='lat' dir='ltr'><strong>suo</strong></span> <span class='ocrx_word' id='word_1_266' title='bbox 1458 1965 1618 2008; x_wconf 82' lang='lat' dir='ltr'><strong>Codice</strong></span> 
     </span>
     <span class='ocr_line' id='line_1_34' title="bbox 189 2020 778 2063; baseline -0.002 -1"><span class='ocrx_word' id='word_1_267' title='bbox 189 2024 360 2062; x_wconf 83' lang='lat' dir='ltr'><strong>alterum</strong></span> <span class='ocrx_word' id='word_1_268' title='bbox 381 2026 404 2063; x_wconf 82' lang='grc' dir='ltr'><strong><em>λ</em></strong></span> <span class='ocrx_word' id='word_1_269' title='bbox 425 2020 592 2060; x_wconf 83' lang='lat' dir='ltr'><strong>delevit.</strong></span> <span class='ocrx_word' id='word_1_270' title='bbox 650 2022 778 2061; x_wconf 83' lang='lat' dir='ltr'><strong>IuNG.</strong></span> 
     </span>
    </p>
   </div>
   <div class='ocr_carea' id='block_1_8' title="bbox 297 2095 1018 2200">
    <p class='ocr_par' dir='ltr' id='par_1_9' title="bbox 297 2095 1018 2200">
     <span class='ocr_line' id='line_1_35' title="bbox 297 2095 1018 2200; baseline 0 -13"><span class='ocrx_word' id='word_1_271' title='bbox 297 2142 469 2199; x_wconf 74' lang='grc' dir='ltr'><strong><em>οἷκαρές]</em></strong></span> <span class='ocrx_word' id='word_1_272' title='bbox 499 2145 849 2198; x_wconf 80' lang='lat' dir='ltr'><strong>Falckenburgius</strong></span> <span class='ocrx_word' id='word_1_273' title='bbox 871 2095 1018 2200; x_wconf 46' lang='grc' dir='ltr'><strong>ῗῖῗερεᾝς</strong></span> 
     </span>
    </p>
   </div>
   <div class='ocr_carea' id='block_1_9' title="bbox 186 2198 1615 2533">
    <p class='ocr_par' dir='ltr' id='par_1_10' title="bbox 187 2198 1615 2370">
     <span class='ocr_line' id='line_1_36' title="bbox 298 2198 1615 2254; baseline -0.002 -11"><span class='ocrx_word' id='word_1_274' title='bbox 298 2201 443 2254; x_wconf 77' lang='grc' dir='ltr'><strong><em>πλοῦς]</em></strong></span> <span class='ocrx_word' id='word_1_275' title='bbox 487 2198 664 2252; x_wconf 80' lang='lat' dir='ltr'><strong>Interpr.</strong></span> <span class='ocrx_word' id='word_1_276' title='bbox 693 2203 831 2242; x_wconf 82' lang='grc' dir='ltr'><strong><em>πλοῖον</em></strong></span> <span class='ocrx_word' id='word_1_277' title='bbox 861 2204 952 2242; x_wconf 82' lang='lat' dir='ltr'><strong>sine</strong></span> <span class='ocrx_word' id='word_1_278' title='bbox 981 2214 1115 2243; x_wconf 85' lang='lat' dir='ltr'><strong>causa.</strong></span> <span class='ocrx_word' id='word_1_279' title='bbox 1153 2201 1285 2240; x_wconf 70' lang='lat' dir='ltr'>brevis</span> <span class='ocrx_word' id='word_1_280' title='bbox 1322 2199 1432 2241; x_wconf 84' lang='lat' dir='ltr'><strong>enim</strong></span> <span class='ocrx_word' id='word_1_281' title='bbox 1469 2214 1615 2240; x_wconf 73' lang='lat' dir='ltr'><strong>cursus</strong></span> 
     </span>
     <span class='ocr_line' id='line_1_37' title="bbox 189 2256 1615 2312; baseline 0.002 -16"><span class='ocrx_word' id='word_1_282' title='bbox 189 2257 393 2297; x_wconf 83' lang='lat' dir='ltr'><strong>innuitur.</strong></span> <span class='ocrx_word' id='word_1_283' title='bbox 431 2257 477 2296; x_wconf 89' lang='lat' dir='ltr'><strong>C.</strong></span> <span class='ocrx_word' id='word_1_284' title='bbox 503 2257 553 2295; x_wconf 92' lang='lat' dir='ltr'><strong>A.</strong></span> <span class='ocrx_word' id='word_1_285' title='bbox 589 2257 648 2295; x_wconf 88' lang='lat' dir='ltr'><strong>ita</strong></span> <span class='ocrx_word' id='word_1_286' title='bbox 671 2256 844 2297; x_wconf 82' lang='lat' dir='ltr'><strong>exhibet</strong></span> <span class='ocrx_word' id='word_1_287' title='bbox 865 2258 1072 2312; x_wconf 84' lang='lat' dir='ltr'><strong>integrum</strong></span> <span class='ocrx_word' id='word_1_288' title='bbox 1094 2260 1253 2296; x_wconf 87' lang='lat' dir='ltr'><strong>locum:</strong></span> <span class='ocrx_word' id='word_1_289' title='bbox 1283 2257 1384 2300; x_wconf 80' lang='grc' dir='ltr'><strong><em>ὅθεν</em></strong></span> <span class='ocrx_word' id='word_1_290' title='bbox 1405 2257 1474 2299; x_wconf 83' lang='grc' dir='ltr'><strong><em>καὶ</em></strong></span> <span class='ocrx_word' id='word_1_291' title='bbox 1491 2258 1615 2305; x_wconf 79' lang='grc' dir='ltr'><strong><em>πλοῦς</em></strong></span> 
     </span>
     <span class='ocr_line' id='line_1_38' title="bbox 187 2311 1317 2382; baseline -0.005 -26"><span class='ocrx_word' id='word_1_292' title='bbox 187 2312 404 2382; x_wconf 76' lang='grc' dir='ltr'><strong><em>ἄκαριαῖος</em></strong></span> <span class='ocrx_word' id='word_1_293' title='bbox 419 2313 443 2355; x_wconf 85' lang='lat' dir='ltr'><strong>o‘</strong></span> <span class='ocrx_word' id='word_1_294' title='bbox 462 2311 628 2368; x_wconf 55' lang='lat' dir='ltr'><strong>sspaxtiffi</strong></span> <span class='ocrx_word' id='word_1_295' title='bbox 660 2315 727 2355; x_wconf 74' lang='grc' dir='ltr'><strong><em>καὶ</em></strong></span> <span class='ocrx_word' id='word_1_296' title='bbox 754 2314 921 2379; x_wconf 82' lang='grc' dir='ltr'><strong><em>κουριᾷν</em></strong></span> <span class='ocrx_word' id='word_1_297' title='bbox 940 2316 981 2354; x_wconf 79' lang='grc' dir='ltr'><strong>δὲ</strong></span> <span class='ocrx_word' id='word_1_298' title='bbox 1001 2323 1078 2354; x_wconf 90' lang='lat' dir='ltr'><strong>etc.</strong></span> <span class='ocrx_word' id='word_1_299' title='bbox 1138 2314 1317 2351; x_wconf 51' lang='lat' dir='ltr'><strong>Humum</strong></span> 
     </span>
    </p>

    <p class='ocr_par' dir='ltr' id='par_1_11' title="bbox 186 2367 1611 2533">
     <span class='ocr_line' id='line_1_39' title="bbox 295 2367 1610 2434; baseline -0.003 -24"><span class='ocrx_word' id='word_1_300' title='bbox 295 2386 404 2434; x_wconf 88' lang='grc' dir='ltr'><strong><em>παρα</em></strong></span> <span class='ocrx_word' id='word_1_301' title='bbox 422 2375 615 2422; x_wconf 76' lang='grc' dir='ltr'><strong><em>Λημοσθ·</em></strong></span> <span class='ocrx_word' id='word_1_302' title='bbox 625 2370 644 2421; x_wconf 94' lang='grc'><strong><em>]</em></strong></span> <span class='ocrx_word' id='word_1_303' title='bbox 674 2386 785 2423; x_wconf 84' lang='grc' dir='ltr'><strong><em>παρα</em></strong></span> <span class='ocrx_word' id='word_1_304' title='bbox 804 2377 908 2422; x_wconf 79' lang='grc' dir='ltr'><strong><em>Δημ.</em></strong></span> <span class='ocrx_word' id='word_1_305' title='bbox 940 2379 1018 2408; x_wconf 86' lang='lat' dir='ltr'><strong>etc.</strong></span> <span class='ocrx_word' id='word_1_306' title='bbox 1065 2369 1268 2416; x_wconf 76' lang='grc' dir='ltr'>Εὔπολις,</span> <span class='ocrx_word' id='word_1_307' title='bbox 1298 2368 1448 2406; x_wconf 82' lang='lat' dir='ltr'><strong>desunt</strong></span> <span class='ocrx_word' id='word_1_308' title='bbox 1472 2367 1610 2407; x_wconf 88' lang='lat' dir='ltr'><strong>omnia</strong></span> 
     </span>
     <span class='ocr_line' id='line_1_40' title="bbox 186 2424 1611 2480; baseline -0.004 -13"><span class='ocrx_word' id='word_1_309' title='bbox 186 2425 230 2464; x_wconf 75' lang='lat' dir='ltr'><strong>in</strong></span> <span class='ocrx_word' id='word_1_310' title='bbox 258 2425 478 2467; x_wconf 80' lang='lat' dir='ltr'><strong>MS.1bi</strong></span> <span class='ocrx_word' id='word_1_311' title='bbox 509 2439 607 2465; x_wconf 85' lang='lat' dir='ltr'><strong>vero</strong></span> <span class='ocrx_word' id='word_1_312' title='bbox 638 2428 803 2480; x_wconf 79' lang='grc' dir='ltr'><strong><em>κείρειν,</em></strong></span> <span class='ocrx_word' id='word_1_313' title='bbox 850 2427 1059 2479; x_wconf 68' lang='grc' dir='ltr'>κιίρισθαι</span> <span class='ocrx_word' id='word_1_314' title='bbox 1089 2424 1138 2464; x_wconf 86' lang='lat' dir='ltr'><strong>de</strong></span> <span class='ocrx_word' id='word_1_315' title='bbox 1175 2424 1415 2463; x_wconf 84' lang='lat' dir='ltr'><strong>hominibus</strong></span> <span class='ocrx_word' id='word_1_316' title='bbox 1449 2426 1611 2463; x_wconf 70' lang='lat' dir='ltr'><strong>Pollux.</strong></span> 
     </span>
     <span class='ocr_line' id='line_1_41' title="bbox 186 2479 1613 2533; baseline -0.001 -13"><span class='ocrx_word' id='word_1_317' title='bbox 186 2480 274 2521; x_wconf 88' lang='lat' dir='ltr'><strong>vid.</strong></span> <span class='ocrx_word' id='word_1_318' title='bbox 303 2482 491 2521; x_wconf 71' lang='lat' dir='ltr'><strong>Nannes.</strong></span> <span class='ocrx_word' id='word_1_319' title='bbox 524 2481 574 2520; x_wconf 87' lang='lat' dir='ltr'><strong>ad</strong></span> <span class='ocrx_word' id='word_1_320' title='bbox 608 2482 830 2533; x_wconf 77' lang='lat' dir='ltr'><strong>I’hryniclz.</strong></span> <span class='ocrx_word' id='word_1_321' title='bbox 866 2481 909 2519; x_wconf 91' lang='lat' dir='ltr'><strong>in</strong></span> <span class='ocrx_word' id='word_1_322' title='bbox 938 2480 1334 2533; x_wconf 69' lang='grc' dir='ltr'>καρηναι.1)ειηοεε.</span> <span class='ocrx_word' id='word_1_323' title='bbox 1365 2479 1408 2516; x_wconf 87' lang='lat' dir='ltr'><strong>in</strong></span> <span class='ocrx_word' id='word_1_324' title='bbox 1445 2494 1492 2518; x_wconf 87' lang='lat' dir='ltr'><strong>ea</strong></span> <span class='ocrx_word' id='word_1_325' title='bbox 1520 2482 1613 2533; x_wconf 74' lang='grc' dir='ltr'>περι</span> 
     </span>
    </p>
   </div>
   <div class='ocr_carea' id='block_1_10' title="bbox 182 2532 1612 2592">
    <p class='ocr_par' dir='ltr' id='par_1_12' title="bbox 182 2532 1612 2592">
     <span class='ocr_line' id='line_1_42' title="bbox 182 2532 1612 2592; baseline -0.001 -13.99"><span class='ocrx_word' id='word_1_326' title='bbox 182 2532 540 2592; x_wconf 73' lang='grc' dir='ltr'>Επιτριηραρχήμ.</span> <span class='ocrx_word' id='word_1_327' title='bbox 563 2539 765 2591; x_wconf 76' lang='grc' dir='ltr'><strong><em>δεομένου</em></strong></span> <span class='ocrx_word' id='word_1_328' title='bbox 798 2537 845 2579; x_wconf 82' lang='grc' dir='ltr'><em>δέ</em></span> <span class='ocrx_word' id='word_1_329' title='bbox 867 2554 944 2590; x_wconf 86' lang='grc' dir='ltr'><strong><em>μου</em></strong></span> <span class='ocrx_word' id='word_1_330' title='bbox 970 2537 1116 2588; x_wconf 83' lang='grc' dir='ltr'><strong><em>ταῦτα,</em></strong></span> <span class='ocrx_word' id='word_1_331' title='bbox 1153 2533 1394 2590; x_wconf 81' lang='grc' dir='ltr'><strong><em>απεκρίιατό</em></strong></span> <span class='ocrx_word' id='word_1_332' title='bbox 1421 2553 1510 2588; x_wconf 83' lang='grc' dir='ltr'>μοι,</span> <span class='ocrx_word' id='word_1_333' title='bbox 1548 2535 1612 2577; x_wconf 72' lang='grc' dir='ltr'><strong>ὅτι</strong></span> 
     </span>
    </p>
   </div>
  </div>
 </body>
</html>
