1670 2938
121 80 203 121 828
717 77 793 118 IV.
861 81 953 123 154.

122 188 308 243 respexit
328 201 405 228 nec
431 189 624 230 ulterius.
649 189 810 231 Noster
829 200 966 231 tamen
993 193 1148 232 Pollux
1168 193 1228 233 ait
1249 192 1400 233 nomen
1421 192 1553 233 fuine

124 247 164 284 id
192 259 331 284 comae
350 246 545 300 πλίγματί
565 265 654 289 τινι.
695 247 847 302 Longe
870 247 1039 298 clarius,
1064 250 1100 287 si
1118 248 1211 293 MS.
1242 252 1448 300 consulas,
1479 250 1554 305 qui

123 303 181 340 ita
209 301 360 341 habet:
390 301 437 344 τό
463 305 504 344 δὲ
536 300 783 357 λαμπάδιον.
815 306 901 345 ι’ὃεά
930 305 1076 358 τριχῶν
1107 305 1330 359 πλέγματός
1353 305 1459 349 ἐστιν
1494 308 1555 355 εἰς

122 367 199 397 etc.
229 357 354 397 Unde
371 357 452 397 iam
470 357 597 398 habes
619 359 852 411 Lampadii
877 361 1061 399 nominis
1081 361 1300 415 originem.
1330 364 1414 403 Iul.
1445 364 1556 401 Sca-

120 416 228 465 liger
247 415 280 453 1.
310 414 434 454 Poe't.
467 416 532 460 14.
558 415 616 455 ita
638 416 956 468 interpretatur:
992 420 1132 460 Tertia
1151 416 1393 471 λαμπάδιον,
1423 433 1451 458 a
1467 419 1561 472 [τίω

121 474 188 509 xis
208 470 388 509 crinibus
410 473 457 509 in
482 480 613 510 metae
635 480 711 511 aut
722 473 904 524 faculae
925 473 1105 513 modum.
1162 475 1292 514 quo.

231 538 342 581 ἰδέαν
363 539 510 594 τριχῶν
528 540 610 594 ἔχει
628 540 886 594 alemanos-‚J
929 539 975 580 C.
995 540 1047 584 V.
1069 540 1157 583 ἰδία
1177 542 1323 598 τριχῶν
1334 537 1556 598 πλέγματᾶς

118 597 243 638 ἐστιν.
277 594 331 637 C..
357 594 406 635 A.
436 597 493 649 τῷ
509 595 583 649 ἔχει
599 598 926 650 superscriptum
949 595 1074 637 habet
1090 599 1183 640 ἐστι’.
1207 599 1318 639 forte
1336 601 1415 654 leg.
1447 598 1555 640 ἰδέαν

119 652 207 694 ἐστὶ
238 651 384 705 τριχῶν
408 653 632 706 πλέγματος
660 662 738 692 etc,
798 654 1080 704 Lampadium
1119 654 1259 706 quoad
1286 659 1458 707 epeciem
1492 662 1556 692 est

119 709 363 760 capillorum
387 710 532 760 plexus
553 711 599 747 in
621 723 794 747 acumen
822 709 1011 748 desinens
1034 724 1141 749 more
1158 713 1272 762 igni-9
1301 719 1340 749 et
1362 713 1555 763 Lampa-

119 764 198 811 dis,
230 764 312 803 alia
342 764 509 803 ratione
534 766 804 817 Lampadion
832 763 1012 815 dicitur,
1031 767 1252 820 flagrans,
1284 767 1446 813 odiosa,
1488 767 1553 805 lo·-

120 821 303 872 quaeula
341 821 644 861 Lueretio‘lib·
685 822 760 863 IV.
808 820 1103 861 ubi-indicem
1148 823 1318 876 Gifanii
1351 821 1450 864 vide
1480 822 1551 865 sis.

119 878 300 917 Kumm.
1521 881 1524 885 ’

230 944 340 986 ἰδέαν
367 943 514 999 τριχῶν
544 943 621 999 ἔχει
650 944 894 998 πλέγματος,
925 948 982 994 εἰς
1018 946 1131 999 eta]
1162 945 1461 986 commaticam
1485 943 1556 984 di-

119 1001 392 1040 stinctionem
415 1010 513 1053 post
532 1015 677 1040 vocem
700 1004 921 1056 πλέγματος
941 1003 1156 1042 Kuehnius
1176 1001 1348 1043 delevit.

227 1067 255 1118 η’
281 1069 323 1111 δὲ
352 1063 459 1120 αὖρα
482 1073 556 1117 π.]
605 1068 775 1108 Absunt
802 1084 823 1108 a
853 1070 977 1110 MSto
1010 1070 1157 1111 Antw.
1195 1067 1244 1111 C.
1275 1070 1327 1110 V.
1364 1068 1483 1125 ἅβρα.
1511 1077 1555 1110 et

117 1139 217 1165 mox
237 1124 286 1166 C..
314 1125 364 1163 A.
395 1125 734 1178 περικεκαρμὲνῳ.
767 1125 880 1179 quod
903 1127 1061 1164 factum
1085 1125 1231 1166 nolim.
1268 1127 1443 1169 KUEHN.
1544 1124 1549 1130 ’

228 1192 254 1242 ἦ
282 1193 325 1234 δὲ
355 1189 486 1245 αὖρα]
546 1193 643 1233 MS·
674 1192 794 1246 ἅβρα.
824 1202 873 1231 ut
901 1207 1026 1245 supra
1055 1194 1140 1244 IV,
1178 1192 1266 1234 151.
1308 1193 1415 1235 dixi.
1472 1192 1555 1235 Sed

119 1264 191 1289 cur
206 1249 364 1288 Noster
380 1262 541 1301 semper
561 1247 715 1287 delirus
742 1249 1096 1302 περικεκαρμένον,
1127 1250 1360 1303 emptitiam
1386 1248 1553 1290 reddit?

118 1307 299 1345 Notasse
332 1303 455 1343 credo
486 1303 529 1341 id
559 1314 601 1342 et
630 1303 822 1344 divinum
851 1306 1131 1358 Scaliger-um,
1164 1306 1284 1344 cuius
1313 1305 1436 1346 verba
1455 1315 1556 1360 post

120 1364 214 1410 ina,
250 1374 357 1415 quae
377 1373 500 1413 supra
521 1358 573 1398 ad
594 1360 668 1411 IV,
707 1361 791 1402 ¹51.
824 1360 963 1411 retuli,
995 1361 1099 1400 haec
1120 1370 1242 1402 sunt.-
1277 1362 1460 1401 Ceterum
1481 1377 1554 1404 πε-

119 1416 405 1471 ρικεκαρμὲνην
421 1418 654 1468 emptitiam
677 1416 827 1460 dixere,
883 1419 978 1455 Hoc
1001 1427 1137 1457 autem
1155 1416 1262 1457 idem
1279 1426 1338 1456 est
1360 1417 1471 1470 quod
1489 1426 1554 1457 at-

120 1484 303 1514 tonsam:
334 1481 381 1512 ut
400 1475 526 1511 etiam
546 1473 781 1527 περίκουρος
798 1487 941 1511 nomen
962 1473 1056 1511 inde
1065 1472 1268 1525 fortasse.
1308 1474 1365 1512 Et
1385 1473 1467 1513 hoc
1491 1483 1552 1513 ta·

120 1545 213 1570 men
236 1529 286 1569 de
311 1543 415 1569 voce
446 1526 551 1581 αὖρα
579 1528 651 1567 hie
673 1529 974 1579 adnotandum,
1006 1529 1119 1569 huno
1137 1533 1276 1568 locum
1300 1529 1462 1575 adferre
1490 1531 1551 1568 H.

120 1587 377 1638 Stephanum
402 1599 489 1625 non
520 1588 646 1639 longe
677 1586 725 1624 ab
749 1586 874 1624 initio
897 1600 1066 1624 suorum
1087 1585 1338 1638 Paralipom.
1370 1587 1553 1625 Gramm-

120 1657 255 1698 graec.
286 1651 328 1681 et
353 1641 484 1694 ἅβραν
519 1641 786 1680 scribendum
820 1641 992 1691 docere,
1034 1642 1184 1681 erroris
1219 1642 1383 1696 origine
1410 1641 1555 1696 expli-

120 1709 226 1750 cata,
259 1697 374 1752 quod
393 1697 558 1737 scilicet
577 1716 600 1738 υ
620 1697 783 1736 librarii
805 1699 1070 1752 putaverint,
1103 1712 1228 1751 quum
1249 1703 1278 1751 β
1298 1696 1359 1738 sie
1378 1700 1553 1751 scripse-

118 1757 206 1794 rint
236 1755 359 1800 olim,
398 1755 465 1793 uti
502 1763 545 1795 et
576 1754 666 1807 ipse
697 1768 820 1805 supra
858 1753 1071 1795 admonui.
1105 1757 1293 1807 exempla
1323 1753 1383 1794 ibi
1415 1754 1554 1795 adfert

118 1812 215 1860 alia,
245 1809 358 1851 unde
375 1809 486 1849 idem
505 1824 619 1850 error
638 1810 854 1851 acciderit.
886 1809 983 1850 vide
1004 1810 1039 1848 si
1058 1809 1185 1850 lubet.
1243 1810 1369 1854 que.

228 1878 256 1928 ἡ
283 1879 325 1921 δὲ
358 1875 494 1933 αὖρα]
533 1878 642 1933 ἅβρα
671 1878 912 1924 Kaehnius,
944 1877 1294 1932 quemadmodum
1322 1891 1445 1932 supra
1470 1876 1551 1917 iam

120 1934 214 1975 dixi
241 1935 319 1979 IV.
353 1933 442 1975 151.

227 1985 457 2045 χρώμενον]
513 1990 593 2030 Pro
636 1988 838 2045 χρώμενον
882 1990 1234 2044 Falckenburgius
1280 1988 1406 2031 habet
1437 1988 1554 2044 ἰσχίῳ

147 2064 252 2091 ονον.

116 2067 144 2104 μ
230 2099 580 2158 παραψηφιστόν]
620 2102 666 2144 C.
702 2103 753 2141 V.
796 2101 1074 2158 παραψηστόν.
1115 2101 1164 2144 C.
1197 2101 1246 2143 A.
1277 2097 1552 2156 παρᾶψηστον.

119 2160 367 2216 διακέκριται
395 2178 431 2200 τ.
462 2178 496 2202 τ.
534 2173 622 2199 non
643 2158 770 2198 habet
802 2158 848 2200 C.
881 2160 933 2198 A.
966 2173 1042 2198 nec
1068 2173 1107 2199 τε
1131 2168 1229 2211 post
1251 2155 1461 2212 ὖπόσιμον,
1492 2159 1553 2196 εἰ-

120 2218 248 2257 mula.
285 2211 554 2270 παράψηστον
590 2215 695 2270 legit
734 2229 901 2268 quoque
926 2215 1109 2254 Salmas.
1132 2214 1377 2268 additque:
1417 2223 1462 2254 et
1487 2216 1554 2253 ita

121 2288 247 2327 supra
268 2286 422 2327 quoque
441 2274 654 2324 scriptum.
713 2271 890 2312 Kumm.

231 2336 576 2393 παραψηφιστόν]
610 2338 701 2378 MS.
736 2335 1016 2394 παροὶψηστον.
1049 2337 1114 2376 uti
1135 2340 1446 2391 supra'quoque
1474 2338 1551 2386 IV,

125 2394 215 2439 151.
247 2395 347 2436 inde
377 2395 530 2435 desunt
562 2396 642 2433 ista
671 2396 915 2446 διακέκριται
942 2393 1012 2443 tric
1047 2411 1103 2445 τρ.
1136 2392 1234 2432 dein
1264 2403 1326 2432 est
1353 2390 1555 2446 ὐπόσιμόν

122 2469 163 2494 τε
182 2453 274 2492 sine
295 2453 392 2496 ἐστι’.
452 2450 627 2491 Gaudeo
651 2465 749 2490 vero
770 2465 792 2489 e
813 2451 966 2490 theatri
985 2450 1108 2502 nugis
1130 2448 1296 2488 tandem
1325 2450 1552 2491 emersisse.

123 2509 251 2547 Nunc
279 2507 331 2547 ad
358 2509 522 2561 reliqua
555 2507 712 2560 itaque.
770 2507 968 2559 Sequitur
998 2515 1133 2543 autem
1166 2505 1245 2542 iam
1273 2506 1315 2543 in
1343 2507 1436 2544 MS.
1470 2520 1555 2544 no-

124 2577 223 2604 vum
242 2567 390 2605 lemma
415 2564 637 2604 continens
658 2563 783 2602 simul
804 2571 928 2615 caput
948 2562 1043 2608 XX,
1065 2560 1182 2611 XXI,
1216 2562 1359 2615 XXII,
1388 2561 1552 2608 XXIII,
