1670 2938
169 67 250 107 474
806 68 862 107 11.
925 72 1015 112 198.

280 233 430 283 στῆθος
459 231 606 287 ποδός]
661 235 707 274 Ρ.
738 183 1040 280 ποὸῶῗδὲηῃ.

280 292 433 340 στῆθος
464 289 611 341 ποδός]
660 292 755 334 MS.
787 293 940 344 στῆθος
963 294 1109 337 ποδοῖν.
1139 295 1229 336 vid.
1264 305 1307 336 et
1341 295 1512 337 doctiss.
1543 299 1612 336 Fr.

167 348 374 386 Nansiam
395 347 523 386 Notis
547 346 599 386 ad
619 349 766 387 Nonm·
784 350 974 403 paraphr.
1009 351 1054 390 in
1081 351 1612 408 cap-19.v.100.IuNG.

275 432 346 464 τας
367 410 493 466 αυτοῖς
514 425 592 456 etc.
601 417 621 469 ]
673 416 781 457 Vide
803 416 855 458 de
876 417 943 458 his
967 419 1324 474 appellationibus
1356 421 1519 462 Comm.
1541 419 1610 461 avi

165 485 256 524 cap.
285 470 378 512 881.
435 473 566 517 IUNG.

274 530 490 582 χίμετλον]
547 529 688 570 Praec.
729 529 792 573 ed.
830 529 990 584 χύμετλ.
1031 532 1157 587 εσᾶχ
1172 553 1213 586 μ.
1256 533 1369 572 iufra
1405 533 1480 582 IV,
1515 544 1608 574 202.

164 586 241 625 nec
279 585 404 625 aliter
432 585 514 625 hoc
541 585 668 626 etiam
699 590 796 626 loco
826 588 949 628 MSS.
990 588 1079 629 vid.
1112 549 1251 630 schol.
1279 565 1493 642 Aristopli.
1530 590 1607 630 fol.

163 639 255 682 555.
287 643 485 684 Eustatlz.
523 641 646 683 Iliad.
679 643 754 683 fol.
787 642 883 698 492.
935 654 977 684 et
1024 645 1138 688 Cam.
1179 646 1361 712 Ileeych.
1410 658 1607 700 quoque·

160 699 370 751 χίμετλον,
403 696 452 742 τό
481 701 523 742 ἐν
556 715 721 753 χειμωνι
746 699 956 755 γενόμενον
985 705 1096 751 ἕλκος
1123 700 1206 746 ‘tino'
1236 701 1405 771 ψύχους.
1454 701 1606 766 Gourrlz.

159 758 225 808 χίμ
231 760 352 798 emma
381 765 424 796 et
455 756 547 811 χείμ
519 761 670 808 μεθλον
707 770 785 798 scr.
831 757 945 811 quod
983 758 1150 798 dicatur
1189 757 1276 802 οἷπό
1306 762 1380 802 τοῦ
1405 774 1606 813 χειμωνος.

161 821 203 851 et
223 811 273 852 de
292 810 430 865 dipht.
462 812 674 853 consentit
697 813 823 852 etiam
852 814 961 868 Sylb.
1020 815 1118 857 Snn.

270 882 478 935 χίμετλον]
528 880 597 920 Sic
628 890 671 921 et
701 882 793 922 MS.
824 890 866 921 et
896 882 1009 922 infra
1042 883 1323 932 1V‚202.et
1353 880 1517 925 Comm.
1535 879 1605 919 avi

130 982 133 985 ,
161 951 251 989 cap.
279 937 374 979 882.
407 947 530 978 antea
553 940 661 976 male
690 937 942 992 vulgabatur
968 935 1164 992 χύμετλον
1188 948 1231 979 et
1257 941 1315 982 H.
1340 938 1476 990 Steplz.
1508 950 1605 976 orae

159 993 381 1046 adposuit,
419 1008 476 1033 an
502 995 705 1048 χείμετλον
730 994 846 1043 sorte
869 995 1114 1047 legendam?
1154 1009 1276 1050 quem
1309 995 1354 1033 in
1384 992 1603 1034 Thesauro

158 1049 256 1089 vide
281 1050 331 1090 de
353 1050 466 1090 varia
487 1050 691 1103 scriptura
714 1049 842 1088 huius
871 1051 1006 1100 vociS,
1042 1051 1117 1091 ubi
1135 1066 1211 1105 per
1228 1070 1253 1094 v
1270 1047 1397 1106 plane
1419 1047 1603 1095 damnat,

157 1120 232 1160 per
263 1124 279 1150 ι
304 1105 457 1160 probat
485 1105 630 1161 magis.
690 1106 822 1148 Iuno.

268 1171 523 1228 ὀνομάζεται]
568 1172 753 1212 Subiicit
783 1172 832 1217 C.
863 1173 908 1214 A.
939 1172 989 1216 τοῖ
1009 1176 1051 1217 δὲ
1067 1173 1147 1217 ὕπό
1168 1191 1258 1225 τους
1279 1177 1315 1217 δ.
1337 1193 1374 1218 κ.
1397 1193 1463 1218 nt.
1492 1187 1603 1213 mar-

157 1232 296 1287 ginale
313 1241 389 1282 est,
414 1229 527 1284 quod
545 1229 735 1296 sequitur
756 1229 807 1269 de
825 1231 1044 1297 Aristoplz.
1076 1231 1229 1271 deinde
1255 1241 1418 1271 textus.
1447 1247 1491 1273 το
1509 1231 1602 1285 με’-ν

157 1299 215 1331 τοι
232 1288 519 1343 προσπταῖσαι,
554 1283 782 1340 προσκόψαι
800 1288 867 1329 καὶ
885 1282 1009 1338 βάσιν
1028 1285 1066 1329 δ’
1090 1305 1140 1328 αν
1161 1290 1288 1334 εἴςηοι
1319 1297 1398 1327 etc.
1425 1288 1602 1328 Kumm.

265 1374 297 1411 ῳ
280 1354 580 1410 ’ἐπιγίγνεται]
627 1354 700 1395 Sic
730 1368 830 1394 sane
856 1352 1028 1408 scripsit
1055 1363 1097 1394 et
1122 1356 1181 1392 Η.
1205 1354 1343 1406 steph.
1372 1368 1428 1395 ex
1449 1353 1601 1393 conie-

159 1423 288 1462 ctura,
319 1426 443 1466 quarn
467 1425 562 1452 orae
582 1425 750 1466 quoque
771 1409 899 1449 huius
924 1410 1103 1465 paginae
1130 1409 1330 1463 adposuit
1351 1408 1402 1448 ad
1422 1409 1466 1448 id
1486 1407 1599 1464 quod

155 1479 275 1509 antea
300 1471 405 1508 male
428 1468 501 1508 hic
521 1466 734 1516 edebatur,
764 1466 800 1508 ὅ.
860 1466 1056 1506 Ceterum
1079 1466 1170 1506 MS.
1204 1465 1329 1506 habet
1356 1463 1404 1510 οὗ
1423 1467 1598 1519 ἐπιγίνέ·

153 1543 230 1569 ται.
262 1524 377 1580 quod
406 1525 550 1579 itaque
577 1537 827 1577 reponamus
855 1524 951 1563 iam.
1009 1523 1139 1563 Iunc.

239 1590 534 1648 ὀνομάζεσθαι
553 1593 676 1644 νομίζ
686 1592 702 1644 ]
736 1591 785 1633 C.
806 1591 855 1632 V.
891 1576 1111 1644 νομίζουσιν
1129 1587 1410 1644 ὀνομάζεσθαι.
1428 1589 1596 1632 Komm-

262 1632 704 1718 όνομάζεσθαινομίζ.]
732 1646 823 1690 MS.
855 1647 1037 1693 inverso,
1071 1651 1192 1698 νομίζ
1214 1646 1323 1702 ὀνομ.
1380 1647 1511 1688 Iunc.

226 1715 229 1718 ”
261 1725 310 1749 τα
329 1709 370 1749 δὲ
390 1721 491 1759 προς
511 1723 601 1753 τους
625 1706 736 1746 ὃακτ.
749 1705 764 1756 ]
809 1703 934 1743 MSS.
962 1721 1010 1745 τα
1039 1703 1072 1745 δ
1100 1702 1182 1746 ύπό
1210 1721 1243 1745 τ.
1302 1703 1399 1744 San.

260 1760 490 1819 κρουματα]
537 1761 629 1801 MS.
671 1758 917 1814 κρούμματα
976 1760 1108 1801 Iuno.

259 1819 512 1873 πταίσματα]
559 1818 630 1856 De
654 1816 721 1856 his
746 1819 990 1870 πταίσμασιν
1015 1816 1114 1856 vide
1142 1815 1432 1856 Casaubonum
1465 1815 1594 1856 Com-

151 1885 278 1918 ment.
298 1876 348 1916 ad
382 1874 580 1926 Theophr.
609 1872 790 1912 charact.
820 1876 911 1927 περὶ
940 1872 1185 1942 δυσχερείας.
1242 1872 1375 1913 Iuno.

260 1931 517 1985 πταίσματα]
565 1932 597 1969 I
593 1930 921 1983 alckenburgius
950 1927 1120 1972 πατατοῖ.
1306 1962 1308 1964 ,

261 2056 313 2096 In
326 2052 561 2109 fugiendo]
603 2053 688 2095 Ser.
718 2053 764 2094 in
796 2054 948 2106 Vespis
1007 2053 1105 2093 821³.

258 2114 302 2156 ἐν
333 2113 415 2161 τοῖς
443 2113 606 2166 Σφηξὶ]
651 2111 823 2151 Desunt
853 2113 896 2153 ἐν
925 2129 959 2152 τ.
986 2127 1060 2176 oq.
1101 2108 1147 2147 in
1175 2107 1270 2150 MS.
1328 2107 1442 2148 Male
1470 2117 1591 2149 antea

147 2169 398 2224 vulgabatur
421 2171 531 2220 φηξῖ,
565 2165 680 2222 quod
716 2169 775 2206 H.
809 2167 951 2218 Steplz.
983 2166 1028 2204 in
1061 2178 1133 2204 ora
1163 2163 1324 2203 codicis
1356 2163 1424 2202 sui
1441 2177 1593 2203 emen-

147 2225 265 2265 darat
293 2225 337 2263 in
368 2227 522 2277 Σᾳηξὶ,·
557 2223 622 2262 uti
648 2231 690 2261 et
717 2222 959 2274 Leopardus
995 2222 1044 2261 V.
1082 2218 1258 2260 Emend
1290 2233 1328 2271 7.
1359 2233 1437 2258 nec
1470 2220 1589 2260 aliter

149 2281 416 2336 adgnoscunt
437 2281 597 2322 Comm.
621 2279 690 2318 avi
710 2293 743 2318 e.
759 2277 852 2326 886.
867 2278 940 2316 ubi
964 2290 1106 2317 versus
1127 2275 1218 2340 ipose
1235 2275 1590 2325 Aristophanicus

147 2337 347 2388 adfertur,
378 2345 420 2377 et
442 2336 554 2376 alia
542 2350 586 2374 m
610 2334 719 2373 hanc
744 2347 844 2376 rem
875 2333 985 2372 Ride
1008 2342 1144 2371 autem
1164 2330 1450 2382 interpretem
1466 2347 1587 2386 quem

146 2393 308 2435 tantula
339 2391 486 2433 menda
519 2391 697 2432 delirare
727 2389 843 2440 fecit,
876 2398 919 2429 et
948 2389 992 2426 in
1019 2385 1260 2428 vertendo
1248 2386 1483 2441 impingere
1503 2387 1586 2428 hie.

146 2451 374 2489 Iunonum.

257 2505 302 2548 έν
331 2507 413 2554 τοῖς
439 2505 596 2557 Σᾳηξῖ]
647 2502 861 2542 Vitiosum
890 2498 1041 2553 prioris
1071 2497 1275 2537 editionis
1307 2499 1404 2551 φηξὶ
1433 2500 1477 2539 in
1510 2513 1587 2541 suo

147 2561 306 2603 Codice
329 2571 372 2602 et
395 2559 774 2613 Falekenbargms
764 2572 808 2596 m
831 2558 964 2611 Σφηξὶ
984 2554 1177 2598 mutavit,
