1690 2944
247 35 327 75 392
856 33 912 73 ΙΙ.
974 38 1063 78 101.

250 152 291 184 et
308 158 442 185 avum
500 143 571 184 Sic
591 144 701 183 enim
723 145 884 186 Comm.
917 160 1007 201 cap.
1040 145 1133 202 296.
1193 149 1315 189 Ensis
1336 147 1483 190 aculus
1507 148 1677 209 πρόστο-

248 217 320 255 μον
344 199 469 253 ξίφος.
502 200 694 242 obtusus:
726 199 989 256 α’πρόστομον.
1047 204 1174 244 Imm.

362 252 570 325 στομώδη]
618 259 974 311 Falekenburgias
1012 259 1127 299 huno
1152 263 1292 300 locum
1325 261 1384 301 ita
1415 261 1543 316 legit:
1586 280 1680 306 σιο-

250 308 356 368 μήρη
381 313 424 354 δὲ
445 330 494 353 τοι
515 313 708 379 εὔστομα,
740 317 839 356 και
825 314 1020 383 εὕσχημα.

362 367 625 436 σιομοδόκον]
672 370 764 411 MS.
793 369 1032 424 στομοδοκον
1078 370 1175 424 (sed
1206 381 1402 413 accentus
1430 383 1493 414 est
1525 375 1681 429 erasus)

251 442 293 468 το
317 424 359 466 δὲ
375 422 594 478 στοῖμυλον·
651 425 781 466 IUNG.

364 484 434 524 και
452 479 605 549 ’'⁰²²⁰”J
638 482 1010 537 Supersoriptum
997 499 1041 523 m
1061 484 1108 527 C.
1130 483 1182 522 A.
1211 485 1279 527 καὶ
1301 483 1326 528 ἆ
1342 483 1544 540 στωμύλος
1563 486 1685 535 αὐτός

253 551 384 591 usque
404 536 456 576 ad
479 538 682 593 παρῆκται
700 539 899 593 marginis
920 550 1007 591 est,
1043 554 1147 596 quae
1175 550 1412 595 sequuntur
1428 556 1452 582 a
1474 541 1612 599 στόμια
1631 543 1684 582 ad

255 596 490 647 στομαυλεῒν
509 594 660 632 absunt
687 607 710 632 a
734 594 781 635 C.
813 596 859 636 A.
890 596 1068 635 Humm.

363 648 570 704 στωμύλος
598 645 710 692 αὐτό.
720 654 734 699 ]
769 657 972 706 στωμυλος
996 652 1117 705 (sino
1139 652 1340 706 accentu)
1369 653 1414 696 δὲ
1431 650 1551 705 αὖτὸς
1572 658 1643 699 και
1658 674 1683 707 η

244 709 335 745 etc.
370 720 455 760 quo
477 716 601 759 pacto
623 705 848 747 cohaerent
870 723 969 748 sane
993 709 1160 748 rectius.
1219 708 1349 749 Imm.

365 771 567 825 στωμύλος
597 769 704 816 av'to'.
717 777 733 822 ]
777 774 1131 828 Falckenburgius
1156 784 1299 815 noster
1325 775 1475 816 iterum
1493 779 1619 831 plane
1637 787 1687 818 ut

256 828 405 871 Codex
424 832 653 869 Palatinus
677 830 995 883 langermanni,
997 826 1225 898 στωμύλος
1245 831 1286 875 δὲ
1305 827 1423 882 adzo}
1443 837 1511 876 καὶ
1531 851 1556 884 η
1579 843 1658 874 etc.

365 884 529 940 στόμια]
565 883 689 939 στόμα
711 887 802 927 MS.
834 901 910 940 pro
931 884 1088 941 στόμια.
1144 888 1268 930 Iunc

364 945 533 995 χαλινοί.
563 943 723 996 ειρηκε]
767 943 870 982 Post
885 947 1035 1010 χαλινοὶ
1055 944 1114 982 ita
1132 945 1211 985 MS.
1243 943 1483 998 sequentia.
1515 945 1627 1014 duty
1645 946 1690 988 δέ

253 1015 313 1047 τις
331 996 595 1041 ὑπαλλάττων
621 1001 690 1041 καὶ
717 1002 955 1053 στομαυλεΐν
981 997 1162 1053 νόσημα
1200 1003 1380 1043 καλεῖται
1405 1002 1449 1043 δὲ
1466 1003 1536 1044 καὶ
1557 1001 1606 1045 τό
1625 1001 1687 1044 νό-

254 1071 362 1106 σημα
380 1048 619 1107 στομαλγίαῖ
649 1056 718 1096 και
745 1073 769 1104 η
788 1058 963 1109 φλυαρία
995 1057 1036 1098 δὲ
1053 1056 1155 1099 οὕτω
1175 1059 1365 1099 καλεῖται.
1423 1058 1569 1097 Priora
1591 1072 1689 1098 cor-

255 1118 380 1163 rupta
399 1109 610 1149 videntur.
653 1110 721 1148 Ex
739 1112 938 1150 Platonis
956 1112 1067 1152 enim
1092 1113 1254 1165 Cratylo
1274 1109 1493 1166 προαύλιον
1513 1127 1686 1168 στομαυ-

256 1164 375 1214 λῆσαι
408 1164 618 1205 adferunt.
659 1179 782 1219 supra
818 1168 992 1206 memini
1034 1168 1159 1207 etiam
1195 1167 1374 1222 quodam
1404 1170 1526 1209 loci
1515 1185 1560 1208 m
1591 1171 1686 1212 MS.

256 1219 458 1288 ΙΞζλᾶττων
476 1235 554 1274 pro
575 1220 751 1263 Πλατων
769 1221 912 1262 fuisse.
970 1223 1134 1263 Postea
1142 1224 1234 1263 MS.
1273 1226 1482 1278 eleganter
1500 1227 1688 1267 auctius:

256 1273 526 1342 ευρύστομος,
557 1274 581 1318 o‘
606 1270 683 1319 ωδε
712 1277 811 1331 ἔχων
841 1276 1052 1330 στόματος
1094 1280 1159 1321 καὶ
1188 1281 1456 1333 ἔπιστομῆσαι
1486 1291 1565 1320 etc.
1619 1282 1689 1321 Sic

257 1334 368 1373 enim
385 1332 469 1372 hoc
487 1332 683 1372 ultimum
705 1347 778 1387 per
799 1352 824 1384 η
841 1333 980 1376 habet.
1039 1335 1097 1373 Et
1120 1334 1233 1387 apud
1251 1336 1540 1389 Etymologum
1560 1336 1687 1377 habes

255 1388 571 1439 ''Emozouzwoo‚
617 1389 662 1427 in
689 1390 985 1443 chotofieQoeocv
1041 1390 1185 1430 Lubet
1224 1390 1269 1428 in
1298 1390 1381 1430 hoc
1407 1391 1537 1432 verb0
1564 1393 1690 1432 resti-

257 1455 375 1485 tuere
395 1445 653 1497 Hesychiam
682 1460 735 1485 ex
760 1446 976 1499 Hesychia.
1036 1445 1108 1487 Sic
1136 1445 1246 1486 enim
1270 1445 1431 1486 editur:
1461 1445 1690 1500 Ἐπιστομί-

256 1504 344 1550 ζων,
375 1500 558 1555 φιμονῶν
593 1501 774 1555 ἐλέγχων.
801 1504 895 1556 lego
922 1503 1074 1555 φιμῶν,
1102 1504 1156 1544 ἒλ.
1214 1501 1281 1542 Ita
1311 1502 1423 1542 enim
1451 1501 1542 1556 ipse
1561 1505 1688 1555 infra,

264 1559 401 1610 Φιμοῖ,
431 1559 672 1609 ἐπιστομίζει
692 1559 871 1611 exponit
892 1557 1004 1598 inter
1021 1559 1116 1597 alia.
1170 1557 1295 1602 IUNG.

369 1616 501 1681 εἴρηκε
519 1613 567 1654 δέ
586 1629 662 1656 που
686 1612 881 1666 Πλάτων]
918 1615 999 1653 Pro
1025 1613 1092 1653 his
1128 1613 1175 1654 C.
1205 1613 1257 1654 V.
1290 1612 1419 1654 habet
1439 1611 1553 1658 εἶπεν
1572 1614 1620 1658 δέ
1630 1632 1690 1665 τις

257 1668 512 1712 ὑπαλλάττων
533 1671 601 1711 καῖ
622 1678 699 1711 etc.
756 1672 935 1710 KUEHN.

366 1725 492 1774 οὕτως
513 1724 562 1767 ἄν
581 1729 667 1767 καλ
679 1726 698 1778 ]
738 1725 790 1765 In
809 1725 994 1792 margine
1015 1724 1061 1768 C.
1092 1725 1143 1768 A.
1172 1725 1274 1769 οὕτω
1291 1727 1479 1770 καλεῖται.
1508 1726 1690 1769 ΚΠΕΗΝ.

366 1780 629 1848 εὖρὺστομος]
662 1780 709 1820 C
739 1782 792 1823 A.
822 1783 909 1825 εἶτα
925 1780 1177 1857 ⁸1591515wp109.
1211 1785 1466 1836 ἐπιστομίσαι
1484 1785 1528 1825 δὲ
1548 1800 1583 1824 τ.
1604 1801 1635 1825 ε.
1656 1789 1690 1825 λ.

257 1838 326 1880 και
341 1836 607 1903 xoeizfdozopaov
624 1854 735 1890 παρα
754 1835 903 1904 ποιητῇ
919 1842 988 1880 καὶ
1010 1842 1169 1893 χαλκοπ.
1201 1837 1230 1889 ἢ
1251 1839 1542 1907 χαλκέμβολον,
1575 1839 1690 1893 quod

255 1893 450 1960 margini
463 1892 651 1932 debetur.
687 1893 733 1932 C·
766 1896 817 1934 V
855 1891 1099 1964 εὐρύστομος
1127 1895 1249 1943 ὁωδες
1275 1895 1375 1949 ἔχων
1406 1892 1599 1949 στόματος
1623 1897 1690 1937 καὶ

255 1946 523 2001 ἔπιστομήσαι
549 1949 661 1987 forte
689 1944 714 1991 o‘
744 1950 868 2000 mod-59
895 1951 994 2004 ἔχων
1018 1949 1162 2004 στόμα.
1220 1951 1298 1990 Sus
1329 1951 1441 1992 enim
1473 1951 1574 2004 quia
1592 1954 1690 2005 ῥιζο-

254 2002 381 2099 «ἷίἀγος
401 2014 478 2053 est,
508 2001 785 2061 πλατύρυγχος
802 2016 877 2046 est.
909 2009 1089 2048 Aristot.
1119 2006 1194 2047 lib.
1226 2006 1323 2047 VII.
1356 2007 1415 2046 H.
1443 2007 1496 2047 A.
1528 2021 1618 2060 cap.
1652 2022 1689 2047 ι.

301 2074 435 2098 UEIIstN

367 2111 628 2168 εὐρύστομος]
675 2117 834 2156 Iterum
862 2118 1026 2158 auctius
1057 2117 1414 2168 Falekenburgius
1439 2125 1595 2167 noster,
1623 2117 1690 2155 uti

257 2173 490 2211 Palatinus
517 2172 819 2225 langermanni
851 2172 999 2215 habet:
1037 2172 1281 2228 εὐρύστομος
1306 2172 1332 2215 ὅ
1360 2171 1437 2214 owe
1466 2170 1569 2227 ἔχων
1595 2170 1690 2215 στό-

255 2244 391 2281 ματος.

926 2289 1019 2328 102.

356 2335 664 2408 χαλκᾶστομον]
690 2340 787 2380 MS.
817 2342 887 2382 και
902 2346 1013 2393 χαλκ
1047 2357 1090 2381 π.
1117 2341 1262 2388 τοῖςπ.
1318 2339 1446 2380 IUNG.

368 2412 478 2463 παρα
495 2396 699 2447 ποιηταῖς]
742 2397 788 2435 Ρ.
818 2397 868 2436 R.
901 2413 943 2437 π.
972 2397 1053 2444 τοῖς
1072 2411 1153 2438 ποι
1212 2397 1311 2438 5ΕΒ

367 2468 477 2505 παρα
469 2449 704 2504 ποιηταῖς]
734 2451 949 2490 Vocabulo
970 2453 1150 2500 ποιηταῖς
1170 2451 1214 2490 in
1237 2449 1394 2491 Codice
1412 2450 1690 2490 Falckenbur

254 2508 324 2560 gii
342 2507 477 2546 nostri
501 2507 829 2561 superscriptum
849 2517 911 2547 est
933 2510 1014 2556 τοῖς
1031 2506 1168 2549 πάλαι.
