1682 2956
182 82 265 125 118
840 77 878 118 1.
937 82 1006 124 83.

297 190 508 247 πόλύζυγος
526 190 657 245 ναῦς]
702 190 845 231 Etiam
890 189 941 232 C.
971 190 1021 234 A.
1059 189 1201 233 habet.
1242 191 1423 233 Salmas.
1459 210 1505 235 π.
1537 193 1637 244 ναῦς

183 248 302 306 λε’γει.
361 250 539 291 Kumffl

300 303 443 359 λύβια]
490 304 665 344 Abesta
697 302 746 344 C.
777 302 829 342 A.
859 311 902 343 et
929 303 1206 345 Salmasiano.
1264 305 1442 348 Kumm.

302 360 490 416 λεγόμενα
519 361 623 414 κριοὶ
651 363 719 403 καῖ
743 358 907 414 τραγοι]
963 360 1167 400 Laudant
1194 361 1298 402 haec
1334 362 1393 400 ita
1436 360 1635 415 Calcagn.

191 418 306 459 dicto
330 419 500 458 Libello
517 418 566 455 de
585 431 626 455 re
646 425 765 457 naut.
798 418 988 469 Bayfim,
1021 416 1095 456 ubi
1125 416 1176 457 de
1204 434 1434 471 παρασημῳ
1457 417 1559 472 agit,
1595 427 1639 457 et

190 478 452 515 Luisinusn.
476 474 643 527 Parerg.
664 472 730 513 25.
789 473 941 513 Verum
974 475 1184 512 Meursius
1221 474 1437 516 Commeat.
1476 477 1522 513 in
1549 476 1637 527 Ly-

191 534 329 583 cophr.
367 529 420 570 ad
456 542 751 584 v.1299.p10
781 546 920 585 τραγοι
947 528 1167 569 emendare
1194 533 1354 569 mavult
1373 531 1524 583 ταῦροι.
1582 533 1639 571 Et

190 587 430 641 elegantiss.
462 588 663 624 Heinsius
679 595 822 625 noster
844 584 895 624 ad
911 585 1006 627 libr.
1031 600 1123 626 xtv.
1169 587 1273 625 Silii
1298 585 1436 625 adhuc
1469 586 1637 638 plenius

190 644 249 682 ita
271 641 489 683 emendat·
520 645 625 696 κριοι
644 645 712 684 καῖ
732 639 872 696 τροῖγοι
898 643 964 684 καὶ
981 643 1132 696 ταῦροι..
1191 641 1358 682 Addere
1383 641 1491 681 mihi
1520 641 1639 681 lubet

189 699 411 765 pulchrum
446 701 586 738 locum
606 713 670 739 ex
699 699 898 738 Herodoti
926 698 1062 738 nostri
1101 699 1254 738 Thalia
1279 713 1310 738 c.
1342 699 1409 754 59.
1448 699 1530 741 Καὶ
1561 699 1640 741 τῶν

190 753 300 806 νηῶν
325 757 521 828 καπρίους
547 755 724 822 ἐχουσῶν
750 753 823 805 uic
847 752 1010 827 πρώρας
1036 753 1365 809 ἠκρωτηρίασαν,
1398 757 1466 797 καῖ
1486 749 1639 796 ανὲθε-

184 829 271 868 ,σαν
291 814 332 861 ἒς
350 810 394 853 τό
412 810 502 868 ἱρόν
521 829 591 862 της
609 808 839 862 Αθηναίης
869 814 913 855 ἐν
931 813 1099 868 Αἰγίνῃ.
1132 811 1206 850 ubi
1238 812 1450 865 Interpres
1477 814 1639 860 saltem,

191 877 399 908 rostratas
416 883 542 907 naves
571 869 889 919 mutilaverant,
922 882 1054 920 eaque
1081 877 1216 906 rostra
1244 877 1325 909 etc.
1370 867 1525 906 omisso
1561 867 1637 906 illo

190 926 399 979 καπρίους.
460 925 518 964 Et
539 923 663 964 credo
683 938 768 963 non
790 924 1052 964 intellexisse
1083 937 1247 963 omnem
1273 938 1358 964 rem
1387 921 1439 962 de
1466 937 1640 978 parase-

190 995 259 1020 mo
281 990 323 1020 et
343 984 490 1031 tutela,
524 994 646 1033 quam
667 995 719 1020 ex
740 979 908 1020 nemine
928 981 1075 1019 melius
1099 979 1235 1019 discas
1256 993 1380 1034 quam
1408 993 1460 1018 ex
1493 982 1638 1018 Hem-

191 1034 256 1077 'sio
276 1046 419 1076 nostro
441 1036 491 1076 ad
515 1035 671 1075 dictum
693 1036 846 1075 librum
866 1037 975 1078 Silii.
1034 1035 1119 1074 Adi
1150 1050 1258 1085 eum,
1287 1045 1330 1076 et
1361 1035 1536 1090 gratiam
1560 1049 1636 1088 pro

192 1091 355 1132 indicio
376 1093 565 1132 habebis.
624 1095 776 1132 Errant
802 1092 916 1131 enim
941 1091 1079 1131 adhue
1106 1091 1198 1131 heri
1230 1102 1272 1132 et
1299 1091 1456 1131 nudius
1487 1091 1637 1131 tertius

192 1148 426 1188 doctissimi
448 1149 544 1199 viri,
583 1149 709 1189 etiam
730 1162 834 1203 quos
857 1147 929 1187 hic
950 1149 1051 1187 alias
1070 1146 1276 1213 laudavi3
1290 1159 1332 1187 et
1353 1146 1637 1190 confundunt.

190 1204 274 1245 Id
263 1217 407 1271 itaque
426 1209 516 1245 vult
536 1205 799 1254 Herodotus,
821 1218 942 1257 apros
965 1219 1040 1257 pro
1059 1204 1282 1269 panse-mis
1302 1203 1434 1243 fuisse
1454 1203 1546 1243 istis
1566 1218 1639 1242 na-

190 1259 329 1310 vibus,
361 1261 406 1301 in
434 1276 557 1315 prora
588 1261 776 1302 scilicet.
814 1270 856 1300 et
882 1260 1092 1300 eiusmodi
1119 1260 1266 1312 aprina
1292 1269 1425 1298 rostra
1451 1259 1637 1313 reposita

189 1317 322 1357 fuisse
345 1333 367 1356 a
388 1317 622 1357 victoribus
644 1317 881 1356 Minervae.
940 1318 1041 1356 Tale
1071 1330 1314 1369 parasemon
1345 1315 1470 1355 etiam
1498 1315 1639 1355 inter-

190 1372 322 1412 dum
310 1375 392 1427 ipsi
417 1374 510 1423 Dii,
541 1383 590 1413 ut
604 1373 767 1414 Pataiei
796 1374 998 1441 πυγμαῒοι,
1029 1386 1205 1427 quorum
1228 1370 1456 1437 ἀγάλματα,
1485 1374 1527 1414 ἰν
1547 1373 1638 1428 τῆσι

187 1427 372 1487 πρώρῃσι
397 1428 474 1473 τῶν
500 1447 698 1483 τριηρέων
730 1427 931 1498 περιάγειν
960 1428 1194 1468 Phoenicas
1226 1428 1287 1467 ait
1308 1427 1419 1467 idem
1439 1430 1638 1470 Herodo-

191 1495 259 1526 tus
284 1496 427 1527 noster
478 1487 631 1525 Thalia
673 1500 706 1526 c.
738 1485 805 1539 57.
865 1484 947 1527 Sed
977 1495 1025 1524 tu
1064 1483 1134 1523 adi
1171 1486 1395 1524 ‚Heinsium
1428 1494 1636 1527 nostrum.

188 1543 259 1583 De
278 1543 377 1582 navi
397 1557 510 1588 veru,
544 1556 653 1596 quae
679 1516 893 1595 Europam
916 1541 1092 1590 ferebat,
1121 1537 1261 1596 ταύρῳ
1285 1539 1411 1590 dieta,
1444 1540 1545 1580 vide
1572 1541 1637 1580 vi·

189 1614 259 1639 ros
284 1598 431 1639 doctos
450 1598 557 1638 locis
588 1613 692 1653 quos
713 1597 915 1649 indicavi,
946 1608 988 1637 et
1009 1598 1064 1637 H.
1085 1599 1255 1636 Iunium
1284 1597 1324 1638 5.
1358 1595 1635 1638 animadvers.

193 1668 257 1696 12.
287 1656 530 1708 praesertim
554 1669 652 1695 vero
681 1657 913 1694 Mearsiam
939 1652 991 1693 ad
1019 1654 1222 1705 Lycophr.
1282 1653 1406 1693 Certe
1439 1652 1554 1707 quod
1583 1652 1637 1692 ad

190 1709 325 1765 κριους
350 1712 515 1762 attinet,
543 1711 649 1750 libet
676 1709 854 1770 perinde
880 1724 974 1749 cum
1008 1708 1259 1764 quibusdam
1286 1718 1474 1750 veterum
1506 1723 1637 1764 augu-

189 1767 273 1808 rari
295 1767 345 1807 de
365 1767 527 1821 Phryxi
550 1781 656 1807 nave
677 1765 790 1822 quod
811 1768 928 1821 κριοῦ
947 1779 1101 1806 nomen
1132 1764 1344 1817 habuerit,
1377 1764 1430 1804 de
1461 1778 1544 1820 qua
1573 1767 1635 1805 H.

130 1823 146 1856 ἶ
189 1824 282 1863 Iun.
313 1822 411 1863 vide
430 1826 527 1863 loco
549 1822 677 1863 dicto.
736 1823 868 1863 Iuno.

300 1877 490 1934 λεγόμενα
513 1882 618 1934 κριοι
638 1881 708 1922 καῖ
731 1877 895 1933 τράγοι]
934 1878 1016 1917 Pro
1043 1877 1182 1934 τράγοι
1199 1877 1325 1918 etiam
1355 1886 1406 1918 ut
1427 1877 1636 1919 Meursius

188 1938 235 1975 in
254 1936 463 1989 Lycoplzr
494 1938 632 1989 ταῦροι
651 1935 756 1990 legit
786 1936 960 1974 FALcn.

299 1991 481 2047 α’γαγοὶν]
525 1993 576 2033 Α.
596 1989 824 2046 ἀπαγαγών.
878 1991 1078 2030 Fabulam
1107 1989 1159 2029 de
1177 1998 1302 2044 raptu
1320 1990 1519 2043 Europae
1541 2004 1635 2044 per-

189 2050 383 2104 sequitur
415 2050 612 2088 Moschus
636 2050 758 2102 Myle.
779 2061 814 2090 2.
871 2048 979 2087 Item
1005 2047 1127 2085 Ouid.
1151 2049 1324 2085 Metam.
1359 2058 1398 2088 2.
1439 2045 1524 2086 fab.
1555 2048 1632 2085 ult.

189 2115 231 2145 et
263 2105 401 2145 obiter
436 2104 508 2146 lib.
541 2103 579 2145 6.
610 2104 695 2144 fab.
732 2116 797 2145 20.
868 2104 1010 2143 Etiam
1038 2103 1124 2152 alii,
1155 2102 1227 2141 sed
1259 2102 1400 2141 minus
1424 2102 1634 2148 fabulose,

187 2176 293 2218 quos
310 2160 502 2200 nominat
523 2162 683 2200 Remea,
716 2170 745 2202 t.
772 2173 807 2201 1.
836 2160 935 2199 hist.
959 2160 1042 2199 Iul.
1072 2159 1149 2198 fol
1170 2158 1265 2199 508
1315 2158 1413 2200 San.

298 2211 490 2272 οἷπαγων]
538 2215 756 2271 ἅπαγαγων
786 2216 911 2255 etiam
932 2225 993 2255 est
1016 2215 1060 2254 in
1095 2214 1194 2254 eod.
1221 2215 1365 2254 Antw.
1423 2214 1604 2255 Kunmv.

298 2283 480 2341 ἀγαγών]
536 2286 648 2338 Aug.
682 2285 777 2324 MS.
813 2281 927 2350 apud
963 2282 1155 2322 seherum
1182 2282 1392 2335 scriptura
1417 2298 1635 2336 απαγαγων

188 2345 277 2385 fere
297 2344 428 2396 magis
451 2345 599 2396 placet.
634 2354 755 2394 quam
786 2337 956 2394 α’γαγτῖν.
1011 2339 1141 2380 Iunc.

298 2398 524 2469 πρόπλους]
575 2397 692 2437 Haec
722 2410 808 2434 non
846 2394 974 2435 habet
1012 2394 1062 2438 C.
1099 2395 1152 2435 A.
1195 2401 1349 2433 extant
1386 2392 1488 2433 alias
1521 2391 1635 2447 apud

196 2457 378 2509 Thucyd.
410 2470 450 2510 p
470 2452 682 2505 4⁴11‚442
740 2453 922 2491 Kumm.

298 2510 527 2564 πρόπλους]
585 2509 725 2550 Naves
757 2508 1067 2561 praecursoriae
1093 2520 1118 2544 a
1155 2504 1277 2547 nobis
1304 2504 1393 2545 dici
1419 2519 1545 2560 posse
1571 2505 1634 2545 ait

192 2570 298 2610 Cael.
319 2567 591 2620 Rhodiginue
614 2578 682 2607 21.
704 2563 847 2620 antiq
865 2561 1121 2606 51.1mm.
