1670 2938
145 71 228 114 718
772 72 849 113 IV.
908 78 976 119 73.

147 180 198 222 C.
225 180 279 222 V.
308 183 445 248 plane=
464 179 607 230 abest,
644 180 743 223 dein
782 183 827 222 in
855 193 976 224 textu
1014 185 1061 229 C.
1092 185 1140 229 A.
1167 186 1297 242 γλυκύ
1321 187 1484 242 πνεῦμα
1506 197 1590 229 etc.

143 239 366 334 SrtrawaIrpv-
399 254 443 279 το
475 240 518 281 δὲ
555 236 710 294 πνεῦμα
732 242 799 283 καὶ
825 257 869 294 φ.
898 244 966 284 καῖ
983 240 1153 297 αὔλημα.
1178 244 1201 287 ό
1220 247 1263 288 δὲ
1289 245 1443 300 φαῦλος
1469 240 1592 294 αὐλός

149 308 172 334 e
196 308 229 334 c.
332 307 471 334 υΕΗΝ.
1334 327 1338 331 .

253 348 431 403 ἰσχυρόν,
460 351 555 402 ὅρθ.
577 350 685 403 eta]
732 350 904 394 Desunt
931 353 979 393 in
996 353 1088 395 MS.
1119 359 1197 412 ἰσχ.
1221 355 1316 412 ὅρθ.
1341 367 1384 399 et
1406 359 1466 412 βί.
1495 354 1589 409 ἠδύ-

145 423 283 450 πνουν.
314 415 357 446 et
385 404 430 447 τό
455 405 533 460 γάρ
561 410 634 461 icy.
666 424 752 450 ποι.
783 407 947 449 desunt.
1004 411 1129 452 Imm.

256 458 446 528 ijvpdn]
493 464 585 504 MS.
626 461 809 518 ληγυρόν.
852 465 902 504 ad
927 466 1072 519 γοῶδες
1113 466 1258 522 (quod
1288 469 1332 509 in
1361 470 1453 513 MS.
1495 486 1587 511 cum

145 522 354 573 θρηνωδες
372 518 503 574 deest)
534 517 593 560 H.
617 521 754 573 Steph.
785 519 857 561 hic
878 520 1100 564 adnotavit
1120 538 1177 564 ex
1197 525 1485 579 superioribus
1501 527 1587 574 III,

149 587 246 617 100.
274 575 465 629 γοωμένη.
522 574 653 616 hmo.

159 686 172 699 ι
255 632 471 685 ἀποδέξαι]
509 629 699 683 ἀποδέξαι
715 640 757 674 et
773 633 996 690 sequentia
1019 634 1065 675 in
1085 634 1176 678 MS.
1211 634 1363 679 desunt
1383 652 1518 694 usque
1536 637 1588 679 ad

146 705 169 731 ο
196 688 238 732 δὲ
255 691 407 744 φαῦλος
436 698 518 736 etc.
573 689 705 732 Iuno.

255 798 495 857 διάβροχος]
549 801 668 843 Dein
694 801 741 845 in
779 801 829 844 C.
853 803 906 843 A.
946 801 1135 858 margine
1158 804 1227 848 καῖ
1255 804 1516 861 ἔξηυλημὲναι
1549 821 1587 861 y.

144 862 189 902 αἱ
208 860 390 901 παλαιαί.
448 859 621 900 HUEHN.

256 914 492 968 διάβροχος]
553 912 779 969 διᾶφθθθῦς
810 916 904 960 MS.
936 930 1014 971 pro
1046 913 1264 971 διάβροχος.
1294 915 1456 969 ἔξαυλος
1485 930 1588 958 vero

144 970 275 1011 deest.
310 971 362 1009 ad
382 973 644 1024 ἐξηυλημέναι
662 972 835 1027 γλῶτται
858 974 917 1012 Η.
941 973 1079 1024 Steph.
1108 973 1180 1012 hic
1205 973 1438 1024 adnotavit,
1467 974 1589 1028 γλῶτ-

144 1043 213 1070 ται
233 1023 382 1069 αὐλῶν.
410 1027 523 1066 infra
553 1028 629 1079 IV,
661 1041 731 1082 70.
771 1027 936 1068 scilicet
965 1043 1115 1085 nempe
1138 1028 1242 1070 haec
1267 1029 1471 1085 capienda
1500 1043 1589 1070 esse

144 1083 197 1123 de
216 1082 383 1124 extritis
406 1082 605 1122 tibiarum
628 1082 774 1138 ligulis
792 1093 840 1135 et,
860 1084 1052 1126 vetustis.
1107 1085 1233 1127 Iuno.

256 1139 418 1191 αὔλημα
438 1139 503 1191 δὲ]
561 1138 613 1180 C.
644 1142 697 1179 A.
737 1142 805 1181 καὶ
834 1140 993 1193 αὔλημα
1020 1140 1182 1194 ὄρθιον,
1208 1138 1280 1196 ἀφ’
1308 1139 1357 1184 οὗ
1380 1143 1451 1184 καῖ
1469 1135 1591 1196 νόμος

146 1194 300 1253 ὄρθιος,
333 1203 494 1234 caetera
517 1194 672 1234 absunt
693 1209 825 1250 usque
842 1194 893 1234 ad
912 1210 1090 1250 sequens
1113 1207 1251 1251 caput.
1308 1197 1482 1240 Humum.

254 1251 414 1304 αὔλημα
437 1253 508 1301 δὲ]
557 1251 656 1294 MS.
682 1253 750 1294 καὶ
779 1252 928 1305 αὔλιμα
952 1255 992 1294 δὲ
1014 1253 1048 1295 ὅ.
1105 1254 1232 1294 Imm.

140 1365 165 1407 Ι
253 1306 436 1363 στερεόν]
484 1306 646 1362 στερεόν
677 1317 720 1348 et
743 1317 878 1348 cetera
908 1308 1035 1347 huius
1063 1309 1216 1363 capitis
1246 1309 1294 1349 in
1321 1310 1413 1353 MS.
1448 1309 1589 1353 λείπει.

168 1377 371 1407 UNGERM.

252 1416 524 1475 μονόκλονον]
571 1420 624 1460 In
652 1419 839 1473 vulgatis
864 1418 1097 1459 notandum
1119 1418 1379 1476 μονόκλονον,
1418 1419 1470 1461 de
1499 1435 1586 1476 quo

141 1475 342 1532 αὐλήματι
371 1475 436 1515 nil
454 1477 637 1530 reperio,
664 1476 752 1516 nisi
779 1476 862 1515 hoo
881 1477 1086 1530 Hesychii,
1120 1477 1158 1519 si
1176 1477 1288 1520 forte
1307 1477 1391 1518 huo
1410 1487 1587 1533 spectet,

140 1531 445 1590 μονολόγιστον,
472 1529 723 1588 μονόκλονος.
777 1532 902 1573 Imm.

252 1660 336 1710 εἴδη
355 1651 574 1712 ὅργᾰνων.]
633 1655 680 1699 C.
709 1655 763 1697 A.
800 1658 893 1711 περὶ
924 1656 1055 1700 αὐτῶν
1080 1655 1184 1714 (leg.
1213 1653 1372 1713 αὐλῶν)
1406 1655 1589 1714 εὖρεθέν·

141 1732 221 1759 των
242 1713 423 1758 ἔθνεσιν.
482 1713 657 1754 KUEnN.

252 1775 340 1826 εἴδη
362 1766 582 1826 dordunum]
637 1768 777 1822 Caput
792 1767 875 1809 hoc
894 1770 987 1809 sine
1005 1768 1136 1809 titulo
1158 1784 1251 1809 cum
1269 1768 1405 1824 priori
1426 1769 1471 1809 in
1490 1768 1586 1813 MS.

141 1826 356 1876 cohaeret,
386 1841 465 1866 neo
484 1826 530 1864 in
549 1825 632 1864 hoo
650 1834 744 1864 toto
776 1824 927 1880 Capite
949 1829 1062 1865 ullus
1080 1826 1124 1864 in
1145 1827 1234 1867 MS.
1261 1826 1427 1866 titulus.
1468 1826 1588 1866 Cete-

140 1899 235 1924 rum
264 1883 336 1923 hic
366 1883 517 1922 titulus
543 1894 630 1920 non
653 1890 777 1934 aptus
801 1896 972 1936 quoque
992 1891 1054 1922 est
1077 1882 1150 1936 qui
1173 1885 1327 1938 vulgo:
1355 1883 1440 1932 εἴδη
1470 1880 1587 1936 ὀργά.

140 1956 235 1983 νων.
264 1938 419 1994 Agitur
436 1952 523 1978 non
541 1941 635 1991 περὶ
652 1938 789 1980 εἰδέων
812 1938 887 1978 sed
907 1939 1034 1978 unius
1063 1940 1207 1978 saltem
1232 1934 1418 1993 ὀργάνου,
1450 1940 1587 1989 δηλον-

140 1993 203 2040 ότι
221 1995 293 2039 τοῦ
319 1991 459 2036 αὐλοῦ.
513 1991 643 2035 IUNG.

251 2048 441 2106 πλάγιος]
519 2048 685 2089 Horum
724 2050 918 2091 meminit
952 2050 1126 2103 Longus
1156 2063 1271 2090 meus
1310 2048 1348 2089 I.
1396 2050 1585 2089 Poemen.

134 2106 219 2206 {tibi
253 2102 372 2150 αὗλοῖ
403 2101 565 2160 πλάγιοι
594 2105 705 2146 inter
732 2108 817 2147 alia
855 2120 1057 2161 suspensa
1082 2107 1128 2145 in
1154 2119 1257 2145 auro
1279 2104 1587 2160 Nympharum.

170 2176 376 2205 mmmmm.

253 2216 443 2273 λώτινος]
495 2217 562 2257 Ex
578 2216 660 2256 loto
671 2216 805 2270 facta
823 2219 947 2268 tibia,
961 2232 1084 2273 quam
1106 2216 1392 2257 Alexandrini
1409 2213 1590 2271 φώτιγγα

143 2276 363 2319 dixerunt.
392 2274 634 2315 Athenaeus
657 2273 702 2311 in
731 2273 814 2315 fine
843 2274 920 2314 lib.
944 2274 982 2316 I.
1013 2274 1222 2314 Aelianus
1246 2272 1322 2316 lib.
1346 2273 1420 2315 VI.
1448 2273 1505 2312 H.
1537 2274 1589 2314 A.

142 2348 234 2389 cap.
262 2331 329 2374 51.
363 2332 589 2386 φωτίγγιον.
647 2332 829 2373 limum,

254 2387 426 2443 εὕρημα.
443 2387 590 2442 athap]
639 2386 732 2427 MS.
763 2387 913 2441 εὕρεμα
942 2387 1187 2441 πλαγίαυλον
1207 2383 1241 2427 δ’
1265 2382 1355 2430 αὐτ,
1384 2385 1445 2424 sic
1475 2385 1589 2425 enim

143 2455 186 2487 et
205 2444 300 2488 MS.
331 2459 407 2499 pro
429 2457 512 2498 quo
543 2444 650 2482 male
671 2444 798 2497 vulgo
820 2454 940 2483 antea
970 2442 1171 2483 edebatur
1202 2444 1447 2495 nzaylazov:
1476 2440 1588 2496 quod

142 2502 339 2542 mendum
359 2510 401 2541 et
417 2499 682 2551 Rhodiginus
701 2510 904 2552 sequutus
928 2508 991 2538 est
1021 2498 1097 2538 IX.
1128 2499 1263 2553 antiq.
1290 2513 1328 2554 7.
1385 2497 1590 2538 Meminit

143 2557 272 2598 huius
293 2556 427 2598 tibiae
451 2565 495 2598 et
518 2555 760 2597 Theocritus
781 2557 1028 2597 Bucoltsco:
