1670 2938
209 93 294 134 734
835 88 911 132 IV.
968 90 1038 136 85.

211 197 431 257 στρογγύλῃ
464 200 506 244 δὲ
532 198 720 255 σάλπιγγι
748 203 948 252 σαλπίζειν
967 211 1046 243 etc.
1077 215 1197 257 quam
1220 201 1273 244 de
1299 203 1499 245 cornibus
1521 204 1650 246 inter·

211 268 411 312 pretatur.
451 257 504 296 ad
544 272 650 312 quae
689 267 827 296 tamen
857 273 908 297 ex
937 260 1109 298 Polluce
1138 259 1239 300 hinc
1274 258 1461 314 καμπύλη
1481 259 1659 316 σάλπιγξἼ

214 315 361 354 doctus
392 321 435 351 et
467 314 624 353 amicus
662 314 920 354 Artemidori
958 315 1207 354 scholiastes
1247 315 1435 357 adnotat.
1491 319 1647 358 Annon

212 383 513 424 usquequaque
543 381 585 409 et
611 383 773 423 semper
803 385 971 415 verum,
1004 371 1116 424 quod
1148 371 1270 411 aiunt
1300 371 1440 412 tubam
1471 388 1523 413 ex
1554 388 1649 413 aere

213 425 372 465 directo
405 424 572 465 ductam
602 425 765 465 fuisse?
798 427 906 468 Sane
934 426 1042 466 illud
1071 428 1163 470 MS.
1193 427 1326 481 εὖρεῖα
1355 429 1491 469 canali
1509 429 1574 469 ini
1594 429 1648 469 ad

213 482 376 521 exitum
395 482 539 521 latiori
562 481 606 521 in
629 481 727 521 tuba
749 483 977 523 convenire
1006 481 1183 523 videtur.
1240 483 1322 525 Sed
1341 483 1391 525 de
1411 484 1477 524 his
1498 485 1650 539 inqui-

211 547 307 577 rent
331 536 461 580 docti.
491 537 606 581 Had.
639 539 787 578 Iunius
806 539 850 577 in
873 540 1089 582 Nomencl.
1119 539 1180 579 ita
1200 539 1368 581 scribit:
1404 541 1518 581 Tuba
1533 557 1648 595 proe-

212 596 338 634 liaris
367 595 550 634 rotunda
579 603 690 646 erat,
728 603 832 634 teste
861 595 1138 635 Artemidoro.
1179 590 1392 652 στρογγύλη
1431 595 1598 653 σάλπιγξ
1623 596 1650 648 ἤ

213 647 424 705 πολεμική.
457 654 520 689 ita
541 660 588 690 ut
607 660 719 690 recta
739 650 900 704 fuerit,
932 666 1016 704 qua
1036 654 1082 691 in
1099 655 1232 692 sacris
1261 653 1502 699 utebantur.
1535 652 1650 710 ἱεράν

212 711 295 760 ipse
317 715 453 751 vocat.
510 707 641 747 Imm.

321 760 518 818 ὀστεΐνη]
548 765 675 804 MSS.
710 761 865 815 ὀστῖνη.
925 764 1025 805 SEB.

320 818 510 873 ὀστεΐνη]
540 820 591 859 In
615 819 664 862 C.
685 819 733 860 A.
764 835 842 874 pro
863 816 1017 871 ὅστέἵνη
1036 829 1100 860 est
1119 818 1266 873 ὅστῖνη.
1293 821 1410 862 abest
1427 830 1470 863 et
1491 822 1534 866 δὲ
1549 832 1649 877 post

210 880 350 926 εἴποις.
408 880 579 918 KUEHN.

320 929 506 985 ὅστεΐνη]
547 932 576 983 ἦ
601 932 641 974 δὲ
662 932 833 988 γλῶττα,
861 930 1031 982 ὀστεΐνη.
1061 930 1238 973 adnotat
1266 932 1381 973 hunc
1411 937 1554 975 locum
1590 934 1645 974 ad

210 989 396 1030 eiusdem
437 990 699 1029 Artemidori
741 989 814 1031 lib,
856 989 890 1030 I.
932 1002 1021 1041 cap.
1062 987 1128 1028 58.
1188 990 1408 1042 Rigaltius
1437 989 1490 1030 ad
1521 991 1647 1031 verba

210 1047 313 1085 ista:
346 1044 546 1101 σύγκειται
571 1043 647 1100 γάρ
680 1048 720 1096 ἐξ
741 1041 881 1088 ὀστέου
901 1048 968 1086 καὶ
987 1043 1147 1098 χαλκοῦ’.
1207 1045 1337 1086 Valde
1366 1052 1503 1087 autem
1530 1047 1649 1087 iuvet

208 1102 281 1141 hic
309 1104 501 1141 Pollucis
534 1105 653 1141 locus
685 1101 853 1141 doctiss.
894 1102 1034 1151 Lipsii
1060 1101 1312 1141 sententiam
1340 1103 1416 1144 IV.
1447 1101 1498 1141 de
1542 1103 1645 1144 Mil.

211 1160 333 1199 Rom.
364 1159 482 1197 Dial.
525 1170 589 1200 ιο.
620 1156 694 1196 ubi
724 1156 968 1196 dubitanter
998 1156 1169 1208 asserit,
1202 1161 1247 1196 in
1267 1158 1365 1197 tuba
1388 1173 1543 1198 osseum
1562 1160 1662 1198 ali-⁴

210 1215 314 1267 quid
328 1215 482 1267 juisse,
518 1214 630 1267 quod
655 1215 829 1252 insitum
850 1220 926 1251 aut
954 1215 1183 1264 impactum
1204 1214 1262 1252 ad
1278 1228 1485 1254 sonorem:
1517 1214 1647 1268 idque

208 1271 516 1311 Artemidorum
544 1269 696 1320 dicere,
726 1268 862 1310 verbis
886 1282 992 1322 quae
1022 1268 1126 1308 dixi,
1156 1271 1251 1311 MS.
1283 1283 1383 1312 vero
1405 1280 1552 1312 noster·
1567 1285 1646 1325 pro

207 1325 365 1377 ὁστεΐμη
395 1326 524 1366 habet
561 1325 718 1376 ω’στίνη.
779 1325 913 1367 IUNG.

318 1381 444 1437 ἦχον]
476 1383 570 1428 MS,
602 1382 751 1422 iterum
774 1385 881 1420 male
907 1378 1026 1436 εἶχον.
1085 1380 1215 1423 Iuno.

320 1438 493 1493 ῥόθιον]
522 1439 570 1480 A·
599 1438 760 1490 ὄρθιον.
816 1439 912 1478 sz.

316 1491 486 1552 ῥόθιον]
532 1494 678 1536 Mssti
706 1494 864 1550 ὄρθιον.
895 1502 944 1545 οε,
966 1492 1188 1550 ἰρῥωμένον
1211 1501 1254 1533 et
1272 1491 1477 1549 ῥωμαλέον
1496 1492 1647 1533 absunt

208 1567 230 1593 a
252 1553 300 1595 C.
332 1555 376 1596 Δ.
436 1553 617 1592 ΚυΕΗΝ.

315 1608 481 1665 ῥόθιον]
505 1610 594 1649 MS.
624 1622 701 1661 pro
723 1606 869 1663 ῥόθιον
896 1605 1024 1647 habet
1055 1605 1236 1663 ὄρθριον.
1261 1604 1416 1646 desunt
1445 1619 1547 1646 vero
1579 1606 1646 1661 ἐρ’·

208 1668 312 1721 ῥωμ.
341 1675 382 1706 et
404 1668 555 1721 ῥωμαλ.
613 1665 745 1704 Imm.

318 1730 492 1787 ῥόθιον]
537 1730 683 1785 ὄρθιον
706 1731 750 1769 in
773 1731 899 1771 Msto
919 1743 995 1768 suo
1017 1729 1186 1770 invenit
1204 1729 1566 1780 Falckenburgiue‚
1602 1737 1645 1769 et

207 1790 267 1830 ita
297 1789 379 1828 iam
405 1788 583 1828 habetur
614 1788 659 1826 in
693 1796 812 1826 textu
845 1786 991 1825 Nostri
1014 1799 1065 1823 ex
1086 1786 1348 1826 correctione
1367 1786 1414 1824 B.
1449 1786 1645 1824 Kuelznii.

316 1843 474 1899 βαρύν]
516 1844 599 1884 Pro
629 1841 758 1897 βαρύν
787 1842 880 1882 MS.
909 1839 1041 1896 βαρύ,
1075 1841 1187 1896 quod
1218 1856 1361 1882 verum
1391 1841 1495 1891 erit,
1527 1841 1562 1879 si
1591 1839 1644 1879 ad

207 1903 375 1956 φθέγμα
409 1899 618 1939 retuleris.
650 1910 830 1939 ceterum
862 1907 903 1938 et
939 1913 1038 1936 mox
1069 1896 1245 1952 ᾳρικώδη
1283 1897 1494 1951 sequitur,
1529 1894 1643 1951 quod

207 1967 320 1997 certe
347 1953 567 2009 α’ρσενικῶς
596 1954 886 2007 accipiendum
904 1984 916 2003 ‚
956 1954 1137 2007 ideoque
1164 1964 1206 1993 et
1236 1952 1369 2009 βαρύν
1398 1954 1510 1992 forte
1544 1951 1644 1990 reti-

206 2027 306 2052 nere
329 2012 472 2051 satius.
524 2009 604 2050 Sed
627 2020 762 2050 tamen
781 2025 879 2049 mox
900 2012 973 2049 illa
997 2011 1203 2063 ἐμβριθὲς,
1233 2009 1370 2066 τραχύ,
1399 2008 1642 2064 ταραχῶδες,

207 2078 319 2109 certe
346 2066 398 2108 ad
417 2067 582 2122 φθέγμα
606 2066 824 2106 referenda
839 2075 949 2107 sunt.
1007 2066 1135 2108 Imm.

315 2122 647 2178 πολεμιστήριον]
681 2122 726 2162 C·
757 2124 804 2163 A·
836 2122 956 2161 addit
973 2123 1228 2176 ἐμπολέμιον,
1260 2119 1435 2160 caeteris
1459 2117 1641 2162 omissis,

206 2182 245 2221 K
306 2193 379 2221 ΗΝ.

247 2194 302 2223 UE
317 2239 385 2281 καὶ
403 2238 496 2288 ἕμπ.
526 2235 663 2289 βίαιον
685 2235 790 2286 etc.]
821 2234 873 2273 In
892 2234 985 2275 MS.
1017 2232 1133 2274 deest
1163 2234 1245 2280 καῖ.
1275 2240 1317 2271 et
1334 2232 1496 2285 βίαιον,
1529 2246 1639 2286 στερ.

206 2311 317 2352 φρικ.
375 2293 458 2332 Iun
467 2305 509 2333 G.

315 2404 518 2461 ἐμβριθὲς,
547 2418 607 2455 τρ.
638 2402 744 2454 etc.]
784 2351 958 2441 Desugft'
985 2386 1141 2441 in„MS·
1173 2401 1287 2452 ἔμβρ.
1315 2415 1375 2450 πρ.
1404 2398 1641 2452 ταραχῶδες.

205 2464 265 2503 Et
287 2461 391 2516 quid
420 2474 527 2514 opus
558 2467 646 2499 erat
672 2458 717 2496 in
735 2459 916 2512 vulgatis
938 2454 1117 2511 qpmw'd‘n
1139 2454 1210 2493 hio
1232 2454 1387 2507 repeti,
1420 2468 1548 2508 quum
1570 2470 1639 2494 su-
1661 2489 1669 2492 ,,

206 2533 281 2573 pra
301 2517 445 2558 statim
467 2514 691 2558 occurrat?
728 2514 814 2553 nisi
838 2514 934 2568 quis
959 2514 1030 2553 hic
1052 2510 1250 2567 φρικῶδες
1267 2509 1534 2551 scribendum
1553 2525 1640 2567 pu-

206 2585 283 2616 tet.
339 2574 466 2616 lunc.
