1670 2938
162 88 244 130 800
770 85 845 126 IV.
908 90 1002 132 130.

163 206 202 237 et
232 199 447 237 Hectoris.
490 196 754 236 occasionem
778 195 976 237 dramatis
1005 197 1123 238 dedit
1153 200 1358 240 Homerus
1377 200 1515 244 Iliad,
1546 213 1611 240 22.

163 254 238 292 ubi
262 257 396 293 Iovem
428 252 666 292 introducit
695 253 739 291 in
775 254 938 294 bilance
968 256 1099 305 fatum
1129 259 1326 295 IIectoris
1353 267 1394 296 et
1422 257 1613 297 Achillis

163 310 493 349 examinantem.
525 308 612 349 vid.
637 310 831 351 Eustatlt.
856 310 898 348 in
927 309 1058 350 Iliad.
1085 326 1180 367 pag.
1206 312 1322 356 1266.
1354 313 1401 353 C.
1432 314 1483 352 A.
1513 313 1611 355 illa:

163 366 218 416 οἷς
247 366 271 408 o‘
299 368 344 412 Ξ-
380 384 414 408 κ.
444 370 483 409 οἶ
512 383 555 407 π.
589 362 627 406 οἶ.
657 367 688 408 ἐ.
729 372 783 408 Ψ.
812 381 897 405 non
918 366 1057 409 habet.

273 425 316 464 ἐν
347 422 649 477 Ψυχοστασι’ᾳ.]
691 422 904 476 Interpres
926 423 1071 462 omisit
1092 422 1200 462 banc
1220 435 1379 466 vocem.
1412 425 1613 464 Testatur

163 488 301 518 autem
321 478 584 518 Plutarchus
611 477 663 517 de
682 478 777 517 aud.
811 479 948 531 poetis
977 481 1052 519 fol.
1082 491 1140 521 10.
1162 479 1406 533 inscriptam
1427 481 1511 520 isto
1535 495 1612 519 no-

163 536 277 574 mine
299 535 349 574 ab
370 535 573 587 Aeschylo
597 533 871 582 comoediam,
904 550 955 574 ex
975 550 1024 575 eo
1048 534 1161 590 quod
1190 538 1389 575 Homerus
1412 539 1507 576 Iovi
1537 536 1611 575 tri-

161 591 324 631 buisset
351 600 567 642 stateram,
597 604 680 643 qua
715 591 802 630 fata
834 590 1054 631 hominum
1083 591 1322 636 trutinaret.
1358 592 1445 634 vid.
1477 591 1608 632 Iliad.

161 666 196 703 χ,
229 648 324 689 203.
382 648 489 687 Item
520 654 566 698 θ,
586 646 651 702 69.
679 655 721 685 et
746 665 782 695 t,
813 647 905 688 225.
962 647 1065 689 San.

271 717 316 759 ἐν
347 714 649 770 Ψυχοστασι’ᾳ.]
689 713 737 755 C·
768 713 821 756 V.
857 717 938 769 leg.
966 715 1303 771 ἰμωυχοστασιάι.
1329 718 1450 758 male.
1479 716 1609 758 Salm.

168 771 429 827 Ψυχοστάσια
459 771 906 825 Aeschylitragoedia,
934 773 1084 811 melius
1109 772 1308 812 scribitur
1338 775 1610 829 Ψυχοστασία.

159 831 336 869 Romu.

272 888 313 928 ἐν
336 883 636 939 Ψυχοστασῖᾳ.]
679 884 771 925 MS.
801 881 904 924 mir'e
928 899 1005 938 pro
1028 887 1073 927 ἐν
1092 895 1188 939 ψυχ.
1219 883 1346 925 habet
1367 898 1455 924 uno
1478 884 1608 925 verbo

160 945 491 997 ἐμψυχοστασίαι.
546 940 619 980 sed
650 943 867 994 vulgatum
897 956 1038 980 verum
1070 956 1184 991 reor,
1215 950 1257 980 et
1290 949 1371 980 tam
1400 955 1534 981 errare
1562 941 1608 980 in

160 1000 252 1039 eius
275 998 627 1060 interpretatione
648 997 929 1050 Bulengerum
951 998 988 1037 I.
1003 997 1053 1036 de
1084 997 1237 1037 Theat.
1265 1011 1326 1049 17.
1359 997 1434 1051 qui
1453 1000 1497 1036 in
1519 998 1609 1036 dis-

159 1058 413 1109 ceptatione
428 1051 515 1100 ait,
547 1067 671 1106 quam
714 1053 772 1094 H
805 1054 1057 1104 Stephanum
1088 1055 1133 1092 in
1175 1053 1394 1094 Thesauro
1423 1052 1495 1092 ubi
1523 1053 1607 1094 hoc

162 1111 418 1152 voca-bulum
441 1121 620 1148 conatur
647 1107 717 1146 hic
739 1122 980 1161 exponere:
1011 1110 1083 1164 qui
1113 1119 1154 1149 et
1179 1108 1261 1149 hoc
1281 1108 1611 1177 προσαμαρτάνει

158 1185 227 1223 γε,
260 1166 372 1223 quod
399 1173 520 1219 putat
550 1166 762 1203 Pollucem
787 1175 945 1215 partem
979 1165 1135 1205 theatri
1155 1166 1293 1206 facere
1315 1183 1386 1216 την
1404 1180 1610 1222 ψυχοστα-

159 1227 266 1268 σίαν
322 1222 449 1262 Nihil
468 1221 580 1262 enim
602 1219 718 1259 aliud
739 1223 829 1261 vult
850 1220 997 1260 Pollux
1020 1236 1142 1274 quam
1164 1224 1207 1263 ἐν
1237 1225 1497 1288 Ψυιχοστασίᾳ
1517 1224 1610 1264 Ae-

159 1281 293 1333 schyli
310 1279 448 1333 (quali
470 1278 641 1317 nomine
661 1275 845 1316 fabulam
865 1276 984 1316 illum
1010 1278 1213 1343 tragicum
1227 1279 1443 1344 scripsisse
1459 1289 1608 1319 auctor

158 1346 222 1378 est
248 1336 504 1376 Plutarchus
531 1333 604 1373 lib.
621 1332 706 1381 πῶς
730 1334 794 1374 δεῖ
810 1349 877 1374 τον
897 1334 984 1376 νέον
1012 1332 1246 1387 ποιημάτων
1267 1332 1451 1377 ἀκούειν·
1483 1348 1604 1389 quem

158 1392 280 1434 vide.
311 1401 353 1432 et
375 1392 419 1429 in
442 1391 532 1431 eius
551 1386 764 1444 δραματων
783 1389 989 1444 Catalogo
1018 1392 1268 1445 Ψυχαγωγία
1288 1399 1330 1429 et
1346 1394 1606 1444 Ψυχοστασιά

158 1457 423 1489 enumeratae
448 1445 678 1497 habentur)
708 1447 846 1485 Iovem
866 1456 908 1484 et
927 1447 1047 1486 Deos
1076 1446 1197 1498 alios,
1216 1449 1284 1487 vel
1305 1447 1448 1500 potius
1472 1448 1602 1495 Deas,

159 1506 211 1546 de
239 1504 394 1559 quibus
415 1518 529 1551 mox,
558 1503 618 1541 sic
640 1500 720 1544 ἇπό
741 1505 816 1544 τοῦ
830 1505 1061 1555 θεολογείου
1087 1505 1131 1545 ἐν
1157 1503 1254 1558 ὕψει
1278 1504 1605 1558 ἰπιφαινομέενοις

157 1560 388 1600 introduci.
445 1562 528 1599 Nec
562 1572 669 1613 opus
701 1557 852 1597 habuit
884 1558 1035 1598 addere
1074 1573 1226 1599 nomen
1259 1560 1486 1612 Aeschyli,
1515 1574 1602 1599 non

155 1618 287 1671 magis
309 1630 432 1671 quam
457 1624 580 1655 antea
613 1615 689 1665 IV,
724 1627 812 1670 129.
844 1614 1077 1666 Euripidis,
1107 1615 1222 1654 ubi’
1201 1634 1244 1658 ev
1265 1618 1508 1665 Φοινίσσαις
1524 1618 1619 1658 sal-⁴

156 1683 239 1714 tem
270 1672 431 1712 dixisse
466 1681 691 1712 contentus
719 1681 797 1714 est.
846 1671 1018 1711 Scilicet
1045 1680 1165 1711 erant
1189 1671 1295 1711 haec
1322 1671 1491 1712 notiora
1513 1679 1604 1711 tum

154 1728 383 1784 temporis,
418 1742 540 1782 quam
581 1727 723 1767 multis
753 1741 867 1766 nunc
898 1726 1045 1794 domus
1073 1738 1137 1767 est
1162 1741 1252 1768 sua.
1311 1727 1393 1768 Sed
1428 1729 1602 1783 quinam

155 1785 349 1837 i11i,hoc
375 1784 544 1839 quidem
564 1787 661 1823 loco
693 1789 733 1825 οἱ
760 1786 852 1837 περι
884 1780 1020 1834 αυτόν,
1049 1782 1119 1827 τόν
1142 1786 1227 1827 Aia
1244 1780 1451 1838 δηλονότις
1498 1785 1600 1825 Non

155 1843 265 1883 enim
283 1854 455 1895 possum
476 1840 652 1893 probare
669 1841 898 1892 Bulengeri
923 1840 1357 1892 interpretamentum,
1377 1854 1598 1880 assessores

153 1901 239 1936 eius
264 1901 309 1936 in
340 1898 652 1949 disceptatione.
710 1896 884 1935 Rectius
918 1909 995 1934 nos
1028 1897 1151 1936 docet
1180 1897 1450 1946 Plutarchus,
1482 1896 1597 1935 dicto

152 1954 327 2001 libello,
366 1953 498 1992 fuisse
530 1951 694 1991 scilicet
725 1953 934 1991 Thetidem
964 1962 1005 1991 et
1037 1953 1265 1993 Auroram.
1302 1952 1458 1992 dicitur
1485 1951 1597 1992 enim

152 2009 247 2048 ibi
236 2008 293 2048 ιη’
313 1982 385 2047 illa
415 2007 631 2076 tragoedia
657 2008 891 2062 Aeschylus
912 2026 1172 2062 παραστησας
1197 2011 1284 2057 ταῖς
1301 2007 1526 2074 πλάστιγξι
1529 2006 1602 2049 tofi

150 2063 262 2116 Διος,
282 2057 414 2107 ἔνθεν
447 2068 523 2117 μὲν
555 2062 628 2113 τήν
661 2066 793 2113 Θέτιν,
830 2064 948 2107 ἔνθεν
981 2067 1023 2106 δὲ
1054 2083 1126 2115 την
1150 2064 1261 2116 Ἠω,
1292 2066 1479 2118 δεομένας
1499 2061 1596 2118 ιῖπὲρ

149 2123 229 2165 τῶν
257 2123 377 2164 υἱέων
405 2122 650 2175 μαχομεᾝνων
708 2121 775 2159 Εκ
802 2120 881 2159 hac
912 2120 1054 2160 fabula
1081 2121 1250 2161 Polluci
1273 2121 1398 2161 etiam
1433 2119 1595 2160 credam

151 2180 196 2218 in
221 2188 402 2217 mentem
430 2177 564 2216 fuisse
591 2178 783 2215 Aurorae
813 2177 919 2216 illud
950 2179 1121 2227 factum,
1152 2177 1219 2216 cui
1245 2175 1594 2230 repraesentando

149 2232 302 2290 γεράνῳ
324 2248 431 2288 opus
453 2243 553 2275 erat
587 2231 638 2271 de
662 2247 743 2285 qua
766 2232 960 2272 machina
983 2233 1069 2272 vid.
1089 2235 1266 2284 Buleng.
1297 2231 1390 2275 eod.
1415 2246 1506 2285 cap.
1532 2246 1594 2284 17.

149 2292 346 2331 inferius.
404 2290 569 2329 Locum
603 2289 706 2328 alias
738 2290 933 2328 Pollucis
966 2289 1138 2328 adducit
1163 2298 1206 2328 et
1225 2288 1478 2341 diligentiss.
1507 2289 1596 2336 Syl-

147 2348 318 2402 hurgius
336 2345 465 2386 Notis
485 2345 537 2385 ad
563 2346 796 2397 Etymolog.
828 2345 870 2382 in
889 2346 1070 2399 γέρανος,
1096 2355 1136 2385 et
1152 2345 1214 2383 sic
1238 2343 1400 2384 reddit·
1432 2345 1595 2383 machi-

148 2380 387 2442 numentum
406 2403 516 2455 quod
533 2419 552 2442 e
570 2402 742 2441 sublimi
759 2401 995 2440 demittitur
1014 2402 1074 2441 ad
1085 2400 1327 2453 rapiendum
1344 2414 1492 2453 corpus
1513 2401 1595 2439 ali·
1611 2450 1614 2455 ἶ

147 2460 474 2612 Ξυοᾱμηχῑαῖἓμῗά
493 2532 532 2562 τι
548 2514 678 2567 ἐστὶν]
729 2513 778 2557 Ρ.
807 2512 971 2570 μηχανή
993 2516 1104 2557 ἐστιν
1130 2515 1176 2556 ἐκ
1201 2530 1246 2568 μ.
1277 2511 1594 2569 καταφερομιᾛνη

178 2585 348 2612 nunnus

1649 2537 1660 2558 ⁴¹¹

1650 2583 1670 2607 ἐτ’

1611 2606 1670 2623 .Ᾱέ
