1682 2956
192 67 273 107 192
819 61 855 105 Ῑ.
916 67 1009 108 136.

189 178 257 217 Ex
276 189 335 230 gr.
359 175 493 219 Gloss
508 175 676 215 Philone.
707 182 854 229 passus
873 170 1070 227 διάστημα
1084 182 1450 228 μεταπονυπαθων,
1469 190 1523 218 ex
1549 190 1636 230 quo

191 233 297 286 legit
337 230 570 271 Vulcanius
605 229 845 281 Λιοῖστημα,
875 230 977 285 perd
1015 230 1085 272 τόν
1119 230 1314 279 ὑστατον,
1356 243 1420 282 ut,
1449 236 1638 286 sequitur

192 304 272 327 non
300 289 495 339 passibus
523 290 685 340 acquir.
721 287 793 327 sed
827 288 993 327 fallitur
1027 297 1120 327 toto
1153 291 1299 338 coelo,
1329 303 1429 328 non
1450 288 1638 328 animad-

192 359 309 383 versa
332 344 608 398 ambiguitate
628 343 824 382 vocabuli
843 359 1010 396 passas.
1068 344 1203 383 Notat
1223 345 1334 384 enim
1360 359 1445 385 non
1472 355 1637 384 tantum

192 398 391 453 διᾶσιημα
411 405 479 437 ein
500 401 662 450 selu-itt,
699 414 840 439 verum
864 401 989 439 etiam
1009 415 1116 450 eum,
1146 400 1218 455 qui
1238 401 1404 454 aliquid
1431 416 1524 441 cum
1549 397 1637 440 mo·

190 458 312 498 lestia
345 455 589 523 laborisque
617 470 743 495 sensu
783 470 1005 509 perpessus
1037 467 1121 507 est,
1152 456 1266 496 unde
1305 460 1506 512 legerem,
1537 455 1639 510 panni

191 512 318 556 πόνου
344 508 506 553 παθών.
567 512 665 551 Alia
703 510 747 551 id
783 526 915 567 genus
945 489 1121 552 Lectori
1143 527 1187 552 se
1221 516 1411 567 exempla
1442 513 1638 567 ingerent

193 584 315 623 quam
340 569 532 621 plurima.
592 569 673 607 Pro
692 567 825 622 κάμαξ
855 570 1033 615 Salmas.
1063 571 1090 610 1.
1122 573 1307 623 καμακίς.
1365 572 1553 610 Rumin-

303 646 464 701 ξυστός]
495 646 638 698 ξυστόν
669 647 763 689 MS.
800 647 922 692 bene.
981 647 1073 688 Nec
1103 656 1242 688 tamen
1275 662 1362 688 non
1391 658 1434 689 et
1460 652 1638 690 alterum

194 705 238 743 in
263 719 354 744 usu.
387 707 579 743 Ammon.
609 708 702 755 περι
721 705 785 752 ὀμ·
818 722 883 746 και
903 707 1011 756 διαφ.
1044 706 1121 755 λε’ξ.
1185 702 1353 754 Ξυστος,
1383 701 1432 748 τό
1449 721 1491 747 τε
1511 702 1640 748 οἶκόν-

190 779 299 810 τιον,
335 780 354 800 n
344 761 388 808 ιῖς
407 760 513 813 παρ’
538 759 754 815 εἨσιόδῳ
737 780 777 804 εν
807 761 863 815 τῷ
881 762 1044 815 πρώτῳ,
1075 770 1154 802 etc.
1186 760 1262 799 ubi
1289 763 1403 801 Vulc.
1441 762 1639 808 emendat

190 816 406 871 ‘'Hpodo'np.
450 817 560 870 apud
591 833 713 872 quem
747 828 885 857 tamen
917 817 990 860 lib.
1023 818 1057 858 I.
1089 828 1175 858 est:
1206 834 1247 859 το
1275 817 1415 869 ξυστον
1445 828 1524 859 etc.
1582 821 1639 859 Et

192 889 293 913 sane
325 884 468 913 noster
495 873 587 916 MS.
619 875 743 914 etiam
772 874 884 912 infra
912 874 966 920 X,
1003 872 1091 916 145.
1121 892 1186 916 και
1210 874 1332 922 ξυστά
1363 871 1408 916 ὁ
1431 894 1480 917 αν
1500 878 1638 924 εἴποις.

192 931 316 970 etiam
339 931 381 969 in
405 930 553 969 militis
573 931 871 970 instrumento.
905 930 1279 983 Agach.1ib.111.
1310 931 1360 972 de
1379 931 1634 972 Dilimnitis.

191 983 359 1040 ξυστοῦς
381 1003 420 1028 τε
443 985 517 1040 7029
543 988 802 1040 ἐπιφέροντας
823 990 891 1029 καῖ
911 989 1107 1041 σαρίσσας
1125 997 1204 1026 etc.
1262 987 1390 1028 Iunc.

305 1051 466 1109 κοντός]
499 1053 591 1096 MS.
619 1053 769 1105 κόνιος,
801 1064 849 1094 ut
872 1064 913 1094 et
931 1054 1044 1108 apud
1065 1055 1236 1108 Hesych.
1267 1055 1479 1102 scribitur.
1509 1056 1637 1100 Iuno.

303 1118 551 1176 δουροθῆκη]
586 1122 632 1163 C.
655 1123 698 1164 A.
734 1120 965 1176 δουροδόκη.
997 1124 1044 1163 C.
1080 1123 1131 1168 V.
1161 1122 1449 1178 ὃουροδοθηκη.
1482 1123 1526 1163 in
1555 1139 1639 1179 qua

193 1178 421 1233 posteriori
450 1179 611 1218 coaluit
642 1178 807 1233 gemina
835 1179 964 1218 lectio
990 1179 1034 1217 in
1063 1194 1203 1230 unam,
1235 1190 1464 1234 putemque
1494 1195 1638 1235 super·

193 1235 396 1288 scriptum
425 1240 485 1284 θη
516 1253 569 1289 ιῳ
597 1237 640 1276 δο
671 1235 714 1273 in
745 1244 908 1274 textum
930 1234 1067 1287 ipsum
1091 1246 1330 1289 receptum,
1361 1252 1453 1276 cum
1473 1247 1637 1277 tantum

194 1292 443 1330 innueietur
464 1292 570 1340 illo,
602 1300 712 1331 recte
731 1291 854 1331 etiam
879 1290 965 1329 dici
1000 1291 1245 1344 δουροθήκη.
1277 1293 1544 1347 praetulerim
1571 1303 1638 1333 ta-

192 1362 286 1386 men
309 1346 391 1385 hoc
413 1347 580 1400 quidem
601 1349 697 1386 loco
721 1345 939 1401 δουροδόκη
961 1351 1029 1387 vel
1046 1349 1240 1401 ὁορυδόκη
1256 1378 1267 1396 ,
1300 1349 1397 1405 quia
1420 1349 1638 1403 praecedit

192 1422 217 1453 η
239 1398 350 1453 θήκη
371 1404 441 1445 τοῦ
462 1401 648 1456 δόρατος,
681 1402 910 1444 dummodo
933 1402 986 1443 ad
1017 1418 1056 1448 v.
1086 1419 1173 1460 seq.
1203 1408 1421 1447 referatur.
1447 1407 1576 1446 Salm.
1607 1408 1638 1447 l.

196 1458 428 1515 ὄουροδόκη.
476 1462 657 1501 KUEHN.
689 1497 691 1499 ,

305 1536 568 1595 δουροθὴκη]
619 1538 716 1578 MS.
758 1536 997 1592 δουροδόκη,
1040 1538 1153 1595 quod
1195 1550 1307 1580 certe
1345 1543 1498 1594 placet.
1537 1540 1638 1582 vide

193 1596 372 1650 Hesych.
413 1596 533 1635 Suid.
573 1604 615 1634 et
655 1596 916 1634 Favorinum
944 1596 988 1634 in
1019 1593 1236 1648 Ἱστοδόκη.
1296 1597 1423 1650 Apud
1450 1599 1508 1640 H
1544 1601 1639 1639 Iun.

192 1655 400 1692 nomencl
440 1662 504 1692 est
528 1648 731 1703 δοροθήκη
761 1653 870 1690 Poll.
905 1651 949 1690 in
982 1654 1220 1693 Hastarum
1249 1655 1379 1696 theca.
1439 1653 1567 1708 Quod
1595 1663 1639 1694 et

190 1709 452 1760 ledigc‘nus
473 1708 642 1747 videtur
665 1708 902 1762 agnovisse,
932 1719 999 1748 21.
1033 1710 1167 1763 antiq.
1202 1714 1262 1756 18.
1294 1710 1369 1749 ubi
1391 1710 1638 1750 dorothecen

191 1764 522 1804 Pollae-evocari
542 1765 615 1804 ait
675 1764 756 1804 Sed
779 1764 874 1806 MS.
906 1774 1051 1804 noster
1076 1766 1154 1803 s1b1
1178 1777 1372 1818 constat
1401 1766 1513 1806 infra
1534 1782 1638 1823 quo-

194 1835 276 1876 que
304 1819 1254 1874 V11,1·¹36.etX,145.‹50vpodomqhabens
1314 1824 1440 1866 Iunc.

303 1896 540 1953 σαυρωτήρ]
583 1898 692 1938 Vide
720 1899 833 1939 infra
866 1899 928 1951 X,
962 1898 1052 1943 143.
1095 1909 1137 1940 et
1167 1904 1287 1945 Hier.
1326 1904 1524 1956 Magium
1552 1902 1638 1942 mi-

191 1959 304 1997 scell.
336 1958 420 2007 III,
452 1969 488 1999 2.
548 1957 645 1995 San.

303 2021 550 2079 σαυρωτήρ]
584 2023 631 2063 C·
661 2021 714 2061 V·
756 2040 961 2091 σαυροτηρ
977 2038 1050 2077 per
1070 2041 1090 2066 ο
1111 2024 1334 2074 mendose,
1364 2026 1636 2080 exscriptoris
1654 2075 1656 2078 y

193 2079 317 2123 vitio.
377 2082 453 2120 Est
472 2091 607 2119 autem
638 2095 845 2133 σαυρωιηρ
871 2080 1011 2119 hastae
1042 2082 1252 2133 spiculum
1285 2082 1477 2131 inferius,
1512 2084 1657 2136 (Hos-J

193 2153 266 2178 sae
289 2139 332 2177 in
356 2151 506 2192 genexe
527 2135 734 2186 reddunt,
776 2137 932 2188 Cuspis.
991 2136 1173 2179 ΚυΕΗΝ.

307 2212 540 2270 σαυρωτηρ]
574 2214 664 2254 MS.
688 2214 912 2268 ·e5av9ov2‘9‚
944 2216 1008 2254 uti
1034 2226 1075 2255 et
1098 2217 1208 2255 iufra
1231 2216 1284 2266 X,
1321 2215 1408 2258 143.
1442 2216 1492 2257 de
1519 2217 1644 2264 hisce,

194 2284 237 2315 et
262 2287 377 2341 seqq.
413 2270 576 2325 aliquid
605 2271 730 2310 etiam
758 2272 939 2324 Rlzodc'g.
980 2275 1061 2311 loc.
1103 2273 1173 2313 cit.
1209 2273 1256 2312 V.
1297 2282 1338 2311 et
1369 2271 1492 2314 flu-r.
1533 2275 1637 2313 Ma·-

193 2333 312 2384 gc‘um
341 2328 378 2370 5.
419 2327 591 2367 miscell.
626 2339 662 2367 2.
697 2326 771 2365 ubi
802 2328 845 2366 in
877 2328 1107 2381 σαυρωτῆρι
1140 2330 1289 2382 (quam
1321 2343 1466 2367 vocem
1493 2341 1533 2369 et
1558 2329 1638 2370 de-

194 2396 409 2440 pravatam
440 2397 528 2424 esse
561 2397 705 2436 posse,
736 2393 777 2422 et
808 2383 1075 2422 scribendum
1107 2381 1368 2438 σταυροᾞτηρ)
1402 2384 1634 2426 dissensum

195 2442 414 2481 Eustathii
435 2450 476 2479 et
498 2441 679 2478 Pollam
702 2438 1239 2480 indicat.Duers1t1tem
1270 2454 1367 2479 saue
1389 2441 1634 2493 scriptionis
1676 2475 1678 2477 .

196 2508 237 2537 et
258 2512 360 2536 avus
381 2505 522 2536 noster
542 2510 675 2549 supra
689 2495 733 2534 in
765 2497 958 2535 versione
979 2510 1052 2534 sua
1074 2496 1237 2547 innuit,
1268 2496 1340 2534 ubi
1362 2506 1403 2535 et
1423 2497 1479 2535 ad.
1501 2501 1635 2538 lacer-

196 2562 279 2593 tam
307 2553 353 2593 in
383 2551 510 2607 ἰιὺμῳ
541 2552 660 2593 vocis
688 2552 843 2607 respici
871 2562 1033 2604 monet,
1064 2552 1180 2608 quod
1210 2562 1253 2593 et
1279 2555 1460 2605 Effugiant
1489 2553 1636 2594 docuit
