1690 2944
227 98 311 170 '2'83
850 125 886 168 1.
941 127 1036 172 251.

340 235 570 290 πηννῧναι]
598 236 794 291 πηγνύναι
813 238 902 282 MS.
960 241 1090 281 Iuno.

341 296 410 335 καὶ
429 294 605 347 toda-ccv]
637 297 767 336 Deest
788 296 833 335 in
862 295 907 338 C.
938 297 990 337 A.
1047 294 1236 338 Humum*

340 352 408 390 καῖ
429 351 605 403 τράφειν]
636 352 806 391 Desunt
831 352 874 391 in
892 354 973 394 MS.
1002 355 1070 395 καὶ
1095 356 1262 409 τρέφειν.
1321 351 1475 395 Verum
1494 351 1654 409 τρέφειν

229 403 301 443 hic
322 403 430 444 idem
452 406 582 445 fuerit
605 406 718 460 quod
738 409 952 462 πηγνύναι.
983 408 1095 448 unde
1117 405 1394 462 περιτρέφεὲαι
1418 405 1519 464 γάλα
1541 409 1654 463 apud

227 463 472 511 Homerum,
506 463 618 515 quod
649 468 918 519 coagulatur,
959 474 1006 503 ut
1035 470 1092 506 H.
1126 466 1261 517 Steph.
1292 467 1458 505 notavit
1489 480 1541 506 ex
1568 467 1654 504 Eu-

228 518 386 555 statlzio
404 517 447 554 in
471 516 575 559 thes.
605 533 696 559 suo.
755 520 968 574 Adprobat
986 519 1093 560 idem
1122 522 1372 573 Hesychius,
1399 521 1509 573 apud
1530 534 1655 574 quem

230 582 271 611 et
292 572 470 624 simplex
492 577 598 614 clare
617 576 854 628 expositum
879 576 938 614 ita
958 575 1123 627 videas,
1157 588 1204 615 ut
1221 578 1314 617 MS.
1345 576 1382 615 si
1407 577 1542 616 visum
1561 577 1653 616 fue-

227 627 283 666 rit
312 628 356 666 in
386 629 560 668 Polluce
590 645 758 683 capere:
790 632 967 686 τρέφειν,
996 632 1116 685 ἔχειν,
1152 634 1238 684 (sic
1268 634 1550 686 interpungo,
1576 632 1653 671 ubi

226 686 334 723 male
369 698 453 722 non
499 686 865 742 interpungitur.)
909 690 1123 741 πηγνῦναι·
1162 692 1233 731 καὶ
1275 690 1462 745 τρέφεται
1492 687 1651 743 ὁμοίως.

227 739 289 777 ait
323 741 500 792 Hesych.
553 753 595 783 et
635 746 756 798 plura
802 745 954 784 Suidas
990 745 1037 783 iu
1074 745 1319 800 τρέφεσθαι,
1372 757 1495 798 quem
1539 744 1652 787 vide·

223 794 444 835 IUNGERM.

339 850 480 906 ὀρῥός]
511 852 557 895 C.
587 854 637 897 V.
666 870 745 909 pro
768 855 888 913 ὅρῥός
909 858 1014 912 legit
1030 853 1136 911 ὀρδς,
1168 859 1288 898 male.
1345 858 1525 898 livam«.

337 917 483 973 σ’ῥρὀς]
512 922 608 963 MS.
636 922 739 977 ὀρός,
771 935 813 965 et
837 928 985 979 γαυλοί.
1019 938 1125 980 quae
1152 924 1272 964 ambo
1293 933 1336 965 et
1354 923 1466 978 apud
1483 929 1651 968 Homer.

227 973 288 1013 ita
308 973 425 1015 dicto
445 977 522 1016 lib.
551 978 604 1017 X.
640 980 782 1033 Odys-s,
812 996 852 1023 v.
883 994 975 1022 222.
1339 984 1342 987 ’

711 1041 809 1078 νεῖον
839 1036 878 1080 δ’
904 1032 990 1092 ὀρῷ
1017 1037 1138 1092 ἄγγεα
1167 1035 1306 1087 πάντα,

392 1091 534 1142 γαυλοί
553 1106 594 1132 τε
612 1095 803 1145 σκαφίδες
827 1111 866 1136 τε
884 1097 1110 1150 τετυγμένα,
1141 1096 1224 1144 τοῖς
1242 1089 1467 1149 ἐνάμελγεν.

225 1141 324 1186 vid.
354 1145 550 1185 Eustath.
582 1147 655 1190 ibi,
713 1149 838 1191 IUNG.

335 1212 496 1266 ταρσοὶ]
527 1213 658 1254 Abest
677 1229 700 1254 a
724 1216 770 1255 C.
804 1216 855 1256 A.
883 1218 1037 1270 ταρσοῖ.
1093 1219 1272 1257 Horam.

228 1335 240 1346 .
294 1281 500 1377 Μτὸαρσιίῖ]
530 1283 665 1322 Deest
690 1285 825 1339 ταρσοὶ
846 1284 890 1324 in
917 1287 1014 1326 MS.
1047 1284 1144 1325 dein
1166 1285 1301 1325 scribe
1321 1282 1499 1340 ta'zoepoo.
1526 1295 1575 1326 ut
1590 1295 1653 1326 est

225 1350 272 1375 ιιι
379 1364 390 1375 .
474 1351 579 1378 UNG.

337 1406 536 1455 συβωσία]
572 1406 619 1447 Ρ.
647 1407 700 1446 R.
731 1409 909 1460 συβοσία.
940 1410 997 1450 H.
1029 1408 1170 1460 Steph.
1197 1409 1234 1448 si
1254 1422 1489 1462 synonyma
1513 1414 1652 1460 συβω-

225 1460 316 1511 σία,
349 1465 512 1513 συφεοῖ,
551 1466 823 1517 χοιροκομεῖα,
875 1463 1140 1503 scribendum
1171 1464 1250 1504 erit
1281 1465 1422 1517 potius
1456 1464 1651 1517 συβώσια,

225 1515 295 1570 (et
315 1516 377 1554 sic
400 1531 592 1570 expresse
612 1518 735 1560 habet
759 1521 806 1561 P.
836 1520 913 1568 V.)
943 1531 990 1558 ut
1012 1519 1120 1559 idem
1139 1521 1194 1559 sit
1216 1535 1307 1558 cum
1328 1518 1495 1574 συβόσια
1516 1521 1654 1575 (quo-

223 1571 350 1611 :modo
380 1583 441 1611 est
470 1573 513 1610 in
543 1573 591 1614 A.
623 1585 700 1614 etc.
731 1577 796 1614 sin
827 1576 1011 1629 συβωσία
1044 1576 1195 1615 mendo
1224 1585 1356 1627 caret,
1395 1576 1654 1630 significabit

225 1642 359 1678 suum,
387 1630 452 1667 vel
463 1643 676 1681 porcorum
696 1641 942 1682 pasturam:
968 1634 1305 1684 porculationem,
1331 1645 1548 1684 porcorum
1573 1647 1653 1670 nu-

225 1686 428 1723 triculum
447 1694 492 1722 ut
520 1687 652 1724 Varro
682 1688 875 1741 loquitur
891 1687 965 1727 lib.
997 1688 1054 1728 II.
1088 1688 1169 1727 Rei
1186 1688 1308 1727 Rust.
1339 1700 1430 1741 cap.
1461 1701 1498 1729 1.
1553 1688 1650 1730 SEB.

335 1742 542 1793 συβωσιά]
575 1742 620 1784 C.
652 1743 697 1783 A.
730 1746 940 1796 συβωσιάι.
996 1746 1176 1785 KUEHN.

333 1808 541 1862 συβωσιά]
572 1810 628 1849 Η.
662 1810 797 1860 Steph.
829 1809 897 1849 hic
923 1809 974 1848 ad
1005 1825 1151 1850 vocem
1187 1817 1277 1865 συβ.
1308 1810 1353 1849 in
1381 1811 1590 1866 margine:
1609 1812 1650 1865 fi

223 1860 417 1916 συβώσια.
450 1863 536 1904 vid.
568 1874 609 1903 et
638 1864 729 1903 eius
762 1865 1013 1908 thesaurum.
1046 1867 1141 1907 MS.
1173 1867 1299 1906 habet
1325 1867 1507 1919 συβόσια,
1537 1867 1651 1922 quod

221 1933 486 1971 reponamus.
519 1920 582 1957 Ita
605 1920 713 1958 enim
733 1931 775 1960 et
797 1922 907 1960 infra
928 1922 1002 1972 IX,
1039 1923 1097 1962 16.
1126 1923 1301 1973 Hesyoh.
1335 1923 1526 1978 Συβόσια,
1551 1941 1652 1966 συο-

221 1973 383 2028 φόρβια,
416 1976 530 2013 διιίἅ.
561 1974 788 2027 Συβόσιον,
819 1977 865 2019 τό
896 1982 1184 2031 χοιροᾳιορβεΐυ.
1225 1981 1389 2018 Homer.
1432 1980 1576 2032 Odyss.
1617 1985 1649 2031 ξ.

222 2030 372 2084 (quem
394 2033 532 2069 locum
556 2041 597 2069 et
623 2033 756 2084 Steplz.
785 2035 929 2072 attulit
950 2035 993 2071 in
1016 2034 1232 2083 thesauro,
1259 2044 1307 2073 ut
1328 2045 1368 2074 et
1391 2036 1529 2087 Saia.)

387 2085 512 2127 τόσσα
541 2087 648 2127 συῶν
677 2087 863 2139 συβόσια,
892 2089 981 2131 τόσ’
1010 2088 1171 2132 αἰπόλια
1200 2089 1342 2132 πλατέ’
1368 2093 1506 2144 αἰγῶν.

224 2155 346 2196 quem
367 2156 529 2182 versum
564 2144 654 2182 sine
684 2143 813 2183 dubio
841 2146 1110 2184 suavissimus
1136 2147 1382 2185 Heliodorus
1412 2147 1575 2199 allusit,
1602 2156 1653 2187 ut

222 2201 355 2248 solet,
383 2196 457 2236 lib.
486 2198 562 2237 IX.
621 2199 859 2252 Aethiopic.
891 2204 1019 2253 paulo
1036 2203 1206 2255 longius
1230 2217 1251 2240 a
1274 2201 1379 2241 fine:
1418 2205 1584 2245 πλεῖστα
1607 2205 1650 2246 δὲ

221 2254 346 2309 αἰγῶν
382 2251 556 2301 αἰπόλια,
589 2255 654 2296 καὶ
684 2256 786 2296 συῶν
815 2255 996 2308 συβόσια.
1055 2257 1279 2297 lumnam.

332 2318 483 2375 ου’φοι]
515 2322 584 2361 Sic
615 2331 656 2360 et
687 2321 797 2360 infra
823 2324 914 2372 VII,
954 2323 1040 2371 187.
1073 2322 1116 2360 in
1140 2323 1346 2377 vulgatis:
1378 2322 1505 2364 habet
1528 2325 1589 2363 sic
1607 2334 1651 2366 et

223 2376 454 2430 Stephanus
490 2392 615 2431 quum
642 2376 755 2415 hunc
786 2381 923 2417 locum
948 2379 991 2415 in
1021 2377 1121 2417 thes.
1151 2393 1255 2418 voce
1281 2384 1461 2432 συβωσιά
1492 2379 1649 2420 adfert:

222 2442 266 2472 et
297 2432 408 2479 idem
440 2442 576 2473 tamen
604 2448 701 2472 mox
734 2432 861 2472 habet
888 2431 1029 2485 συφός,
1060 2438 1119 2481 οὔ,
1150 2448 1202 2472 ex
1223 2436 1417 2473 Pollucis
1436 2435 1648 2490 hocloco,

221 2497 270 2526 ut
302 2489 384 2536 ait,
419 2502 540 2541 quem
561 2489 660 2527 hinc
681 2489 842 2528 citavit.
877 2500 918 2528 et
939 2489 1076 2526 malim
1100 2503 1198 2528 sane
1217 2494 1336 2543 συᾳοῖ
1364 2503 1574 2541 oxytone,
1601 2501 1651 2530 ut

220 2544 310 2585 MS,
341 2543 464 2583 habet
485 2544 595 2585 infra
617 2545 736 2586 V111.
766 2544 827 2586 ιδ.
850 2543 1194 2600 quemadmodum
1214 2556 1255 2585 et
1275 2548 1433 2602 συφετοὶ
1448 2556 1490 2588 et
1509 2552 1649 2601 συφεοὶ

223 2598 392 2640 ibidem.
450 2601 576 2642 Iuno.
