1670 2938
169 81 253 122 686
764 103 766 106 <
784 79 857 119 IV.
919 81 986 124 53.

171 202 283 240 men,
315 188 431 243 quod
451 188 604 229 chorus
625 188 701 228 sub
723 189 901 243 primum
931 182 1162 246 ingressum
1186 193 1230 233 in
1251 191 1458 235 theatrum
1482 203 1610 235 canei

170 246 258 297 bat,
295 249 417 299 quale
437 246 483 284 in
510 247 655 297 Vespis
682 248 901 298 Aristoplz.
931 258 994 288 est
1012 249 1144 303 χώρει,
1175 247 1357 303 πρόβαιν’
1372 252 1610 305 ἐρ’ρωμένως

175 300 211 344 ὦ
231 303 403 354 Κωμία,
428 299 653 355 βραδύνεις.
693 297 887 356 στάσιμον
908 304 1023 358 quod
1051 306 1242 359 proxime
1269 308 1482 360 sequitur,
1520 321 1609 347 non

170 357 366 412 agnoscit
397 358 444 397 C.
476 357 529 398 A.
569 355 765 411 στάσιμον
803 360 905 398 alias
936 359 1093 401 dicitur
1119 363 1255 415 μέλος,
1296 362 1410 416 quod
1439 363 1606 403 *ibidem

170 414 324 454 chorus
349 422 464 452 certo
488 413 535 451 in
553 416 651 453 loco
679 415 912 455 consistens
931 417 1118 462 canebat,
1175 419 1354 461 KuEHN.

280 476 493 534 πυῖρῳδος]
532 481 622 520 MS.
653 478 838 535 πάροδος.
868 481 976 521 Sane
1004 482 1042 521 si
1070 486 1287 540 vulgatum
1318 494 1605 532 verumesset‚

169 544 372 575 mutarem
399 545 538 576 tamen
567 547 811 589 accentum,
839 546 883 578 et
913 536 1137 580 scriberem
1163 539 1373 596 παρῳδός,
1402 551 1450 581 ut
1482 551 1606 581 antea

167 588 335 646 ἐπῳδός.
393 591 477 633 Sed
508 606 606 633 vera
636 603 700 634 est
726 593 871 647 potius
893 594 987 635 MS.
1018 596 1148 636 lectio
1170 596 1352 653 πάροδος.
1383 598 1472 652 agit
1491 597 1607 637 enim

169 648 220 687 de
239 651 421 702 χορικοῖς.
447 648 536 691 vid.
570 650 682 689 infra
699 651 776 700 IV,
817 650 908 692 108.
937 658 980 689 et
1004 663 1093 706 ¹⁰9·
1123 663 1239 707 patet
1259 664 1302 695 et
1323 667 1377 694 ex
1397 667 1482 708 seq.
1512 653 1608 708 qui-

135 700 140 713 ’“
167 704 340 744 busdam
372 718 479 759 quae
506 705 653 745 eodem
683 706 910 760 pertinent.
949 709 1193 760 praesertim
1225 710 1309 751 vid.
1345 709 1450 750 illud
1474 705 1608 752 στάσι-

165 777 241 816 μον
271 760 430 814 optime
459 760 703 802 adiunctum
729 777 752 802 a
780 765 962 813 Polluce,
995 763 1110 817 quod
1134 767 1327 805 carminis
1355 780 1486 822 genus
1507 773 1608 820 post

166 815 339 871 πάροδον
367 816 510 856 statim
541 817 695 857 chorus
722 819 944 859 recitabat:
976 830 1025 858 ut
1055 831 1178 873 potes
1200 821 1359 862 discere
1381 822 1508 862 exiis
1529 821 1606 876 qui

166 873 272 913 haec
292 874 472 926 scriptisv
486 874 650 915 erudite
670 875 950 929 explicarunt.
978 874 1067 917 vid.
1096 886 1260 930 praeter
1277 877 1404 926 alios,
1437 878 1510 934 qui
1528 890 1606 918 no-

165 929 231 969 bis
254 943 341 969 non
362 929 414 968 ad
433 944 596 981 manuS,
629 933 707 973 Ιιιί.
740 932 896 985 Scalig.
927 933 965 975 Ι.
995 932 1157 972 Poetic.
1183 947 1223 989 9.
1278 934 1411 975 que.

276 995 490 1051 πάρῳδος]
528 997 604 1038 Vir
631 998 814 1038 Illustris
844 999 1036 1038 Ezechiel
1050 1000 1327 1053 Spanhemius
1346 1001 1393 1040 in
1417 1001 1530 1041 notis
1552 1001 1606 1041 ad

168 1052 334 1091 Iuliani
348 1053 618 1106 Imperatoris
642 1054 836 1095 Caesares
867 1069 960 1109 pag.
993 1054 1088 1096 526.
1122 1056 1299 1101 malebat
1321 1059 1508 1112 παρῳδαὶ
1525 1073 1602 1111 pro

165 1111 340 1164 vulgato
363 1109 557 1164 παρῳδός.
579 1120 854 1153 veruntamen
876 1112 1239 1167 πάροδοςΜὸδῑοε
1256 1123 1458 1170 sequutus
1476 1129 1607 1169 repo-

167 1165 256 1204 suit
273 1166 487 1204 Kuelznius
502 1166 673 1207 Noster.

278 1232 495 1287 ἐμμέλεια]
558 1233 606 1274 C.
646 1232 696 1276 A.
743 1234 911 1288 ἐμμελιά
947 1248 1127 1289 sequens
1165 1237 1340 1280 omittit.
1396 1235 1607 1293 Ἑμμέλρια

166 1302 387 1330 commune
415 1288 586 1329 videtur
603 1304 755 1331 nomen
789 1291 922 1331 fuisse
942 1292 1159 1332 saltationi
1176 1294 1358 1348 tragicae
1380 1304 1424 1335 et
1443 1297 1605 1350 cantui,

167 1345 242 1399 qui
261 1344 398 1385 eidem
419 1344 701 1385 accinebatur.
760 1346 939 1389 Kumm.

277 1402 489 1454 ἐμμέλεια]
519 1403 655 1442 Deest
672 1403 840 1455 ἕμμελία
860 1417 1040 1457 sequens
1064 1404 1110 1443 in
1131 1404 1222 1445 MS.
1252 1404 1383 1445 Iuno.

278 1458 488 1511 ἐμμέλεια]
508 1458 614 1508 ,νοις
640 1458 807 1512 ἐμμελιά
830 1473 936 1514 quae
961 1459 1278 1513 praecedentem
1297 1461 1479 1513 ἐμμέλεια
1499 1463 1603 1503 alias

97 1547 100 1549 .
165 1515 212 1554 in
241 1514 426 1569 vulgatis
467 1514 729 1569 excipiebat,
776 1514 910 1565 deleta
942 1515 1024 1555 iam
1059 1526 1121 1556 est
1145 1530 1169 1555 a
1197 1517 1388 1558 Kuelznio
1424 1518 1604 1574 Nostro,

165 1574 288 1626 quam
308 1580 352 1611 et
377 1570 496 1611 vides
517 1571 697 1626 scriptos
718 1570 899 1613 Codices
922 1585 1009 1610 non
1029 1586 1271 1626 agnoscere.

275 1626 524 1680 κωματικόν]
554 1627 623 1666 An
653 1626 935 1682 xwpcocouudv?
975 1629 1072 1667 Sms.

282 1684 525 1738 comicum]
573 1684 723 1734 Forte,
758 1698 843 1739 quo
872 1684 919 1723 in
955 1685 1331 1727 comessationibus
1363 1686 1602 1732 utebantur.

163 1737 252 1783 vid.
283 1740 341 1788 N,
369 1741 442 1780 Gr.
473 1749 577 1782 text.
634 1741 736 1782 SEB.
1500 1742 1503 1744 ’

274 1803 534 1862 amputandae]
580 1805 628 1846 C.
660 1807 706 1848 Δ.
738 1806 786 1846 in
813 1806 1002 1862 margine
1018 1804 1284 1863 κωμματικὸν.
1316 1810 1444 1851 Salm.
1471 1828 1605 1865 κωμα-

162 1861 318 1907 cundw-
351 1864 510 1904 rectius
530 1859 776 1917 κομματικδν
799 1877 858 1903 sc-
890 1865 1012 1917 μέλος
1036 1865 1151 1919 quod
1171 1876 1213 1907 et
1233 1864 1467 1920 κομμάτιον.
1497 1877 1604 1907 erat-

163 1934 246 1975 que
267 1920 392 1960 breve
413 1933 579 1960 carmen
597 1919 683 1974 ipsi
713 1918 937 1975 παραβάσει
955 1922 1247 1976 praemissum,
1278 1932 1327 1962 ut
1344 1922 1392 1962 in
1411 1922 1603 1963 Nubibus

162 1977 383 2029 Aristoph.

487 2027 585 2074 ἄλλ’
614 2033 682 2075 ἴθι
708 2034 858 2087 χαίρων
887 2033 958 2085 τῆς
986 2032 1172 2089 ἀνδρείας

490 2092 623 2131 εἵνεκα
649 2089 796 2140 ταύτης
821 2099 900 2132 etc.

164 2144 302 2187 Voles.
341 2143 467 2184 etiam
496 2144 604 2199 legit
634 2145 880 2199 κομματικόν
908 2160 962 2187 ex
991 2147 1174 2187 scholiis
1199 2143 1415 2197 Aris-toph.
1443 2143 1490 2184 in
1525 2144 1571 2185 V
1563 2159 1600 2183 e·

132 2215 258 2255 -spac
279 2209 323 2241 et
351 2210 597 2256 argumento
626 2201 673 2240 in
705 2204 862 2241 Persas·
896 2203 1088 2257 Aeschyl.
1146 2202 1327 2241 Kumm.

271 2263 528 2324 κωματικόν]
569 2270 653 2311 Pro
671 2266 898 2323 κωματικόν
917 2267 1008 2312 MS.
1042 2269 1201 2323 optime
1221 2262 1487 2323 κομματικᾶν·
1521 2281 1599 2308 nec

160 2325 285 2367 aliter
305 2323 546 2380 legendum.
603 2325 734 2366 Iuno.

269 2379 519 2436 κωματικόν]
564 2379 815 2436 κομματικόν
843 2380 1106 2434 reposuimus
1140 2394 1193 2421 ex
1219 2378 1381 2422 Codice
1413 2379 1600 2419 Kuelmii

158 2437 308 2478 Nostri
328 2447 371 2478 et
390 2437 449 2478 ita
469 2451 638 2493 quoque
658 2437 816 2476 habent
833 2438 995 2476 MSSti.

270 2505 430 2558 ἔξοδος]
460 2505 548 2546 Hic
569 2504 726 2545 desinit
744 2518 900 2559 margo.
927 2518 979 2544 ex
999 2503 1079 2543 hac
1095 2518 1199 2544 voce
1221 2517 1369 2558 arguas
1390 2517 1514 2556 supra
1535 2511 1598 2543 re-

161 2570 226 2602 cte
247 2561 293 2601 in
317 2562 365 2604 C.
391 2563 444 2604 Δ.
475 2561 605 2603 fuisse
626 2559 811 2618 πάροδον.
843 2574 939 2600 nam
969 2558 1140 2617 πάροδος
1160 2569 1203 2600 et
1222 2559 1352 2611 ἔξοδος
1373 2560 1456 2599 sibi
1478 2559 1597 2602 invi-
