1690 2944
213 112 295 154 364
846 106 904 148 ΙΙ.
962 111 1028 151 76.

214 227 376 271 verant,
406 218 491 257 nisi
512 218 708 273 quasdam
729 219 1008 260 litterularum
1029 220 1395 271 commutationes,
1422 221 1467 260 in
1496 221 1649 276 quibus

212 291 266 316 ne
288 289 390 328 puer
414 275 582 328 quidem
609 276 743 315 latine
768 290 964 331 graeceve
991 276 1138 316 doctus
1168 276 1355 328 haereat,
1396 277 1535 317 critici
1567 278 1654 318 soli-

211 332 381 386 litigare
401 341 560 371 ament:
595 330 786 384 adeoque
806 332 915 371 hanc
939 346 1106 386 operam
1127 341 1169 371 et
1185 335 1323 372 oleum
1342 347 1420 372 nos
1440 337 1563 386 plane
1583 334 1648 372 in-

210 389 373 428 utiliter
401 401 643 428 consumere
677 390 867 428 clament.
924 388 1115 430 Eundem
1146 402 1326 428 errorem
1366 389 1533 443 itaque,
1563 403 1646 444 quo

212 444 409 496 deceptus
437 444 522 481 fuit
557 446 617 484 H.
647 443 785 495 Steph.
816 459 868 483 ex
899 444 1058 484 vitioso
1086 443 1254 492 codice,
1293 445 1450 484 erravit
1476 445 1648 488 doctiss.

210 502 452 541 Nannesius
480 498 530 538 ad
564 500 785 551 Phrynich.
827 499 901 538 ubi
935 502 1129 539 Pollucis
1163 499 1268 539 haec
1307 501 1468 541 adfert:
1519 516 1647 555 quum

210 567 349 596 tamen
369 558 436 595 vel
456 570 554 594 suus
574 565 732 602 auctor,
764 556 808 594 in
839 570 960 608 quem
991 557 1359 607 commentabatur,
1389 557 1646 596 contrarium

211 612 295 666 ipsi
314 610 484 651 suadere
506 621 683 664 poterat,
707 612 998 664 Phrynichus
987 626 1170 681 mquam,
1189 613 1263 667 qui
1287 614 1416 652 clare:
1446 611 1550 667 όσμη
1570 613 1650 667 χρή

210 670 336 722 λέγειν
366 666 433 710 δια
461 670 531 710 τοῦ
557 686 594 710 σ.
627 666 697 710 δια
723 667 799 722 γάρ
833 686 901 710 του
928 672 953 710 δ
978 666 1100 722 ὀδμη,
1146 678 1225 708 etc.
1283 669 1341 706 Et
1375 669 1478 723 quid
1507 669 1644 710 verbis

210 740 316 791 opus
337 734 413 771 est,
448 727 515 764 vel
536 724 706 763 aliunde
734 734 976 778 argumenta
1005 735 1053 764 ut
1081 733 1281 777 petamus.
1338 725 1500 775 Ionice‚
1531 725 1646 764 Aeo-

207 782 291 821 lice
311 783 377 821 vel
399 781 566 833 poe'tice
584 779 790 834 loquendi
814 781 1017 820 formulas
1046 780 1169 820 nobis
1191 783 1405 820 Pollucem
1433 781 1646 834 praescri-

205 838 304 878 bere
333 837 541 887 voluisse,
571 850 696 876 nemo
731 837 886 890 opinor
910 835 1080 877 dixerit.
1141 837 1280 892 Atque
1312 837 1384 877 ine
1419 836 1644 889 vocabulo,

208 894 259 934 de
281 907 366 947 quo
386 892 585 943 diximus,
612 907 690 959 per
715 910 740 935 σ
767 892 912 932 crebro
937 892 1148 932 dictiones
1177 893 1321 933 eiusm.
1342 893 1558 946 expressit,
1595 903 1645 932 ut

207 949 636 1021 segm.p1aec’edenti
667 947 796 1001 ὀσμας
823 949 1104 1002 ὑποδέχεσθαι.
1144 959 1185 988 et
1207 948 1318 988 hoc'
1306 963 1400 1001 lpso
1422 963 1547 1017 segm.
1567 963 1644 987 ex-

206 1019 363 1076 presse,
388 1008 456 1046 καῖ
479 1003 582 1058 ἆσμη
600 1007 680 1047 δὲ’
659 1008 773 1058 εοεῖς·
806 1015 846 1044 et
866 1006 994 1058 paulo
1016 1005 1126 1043 infra
1148 1019 1275 1059 segm.
1300 1019 1364 1057 77.
1385 1001 1644 1059 δοκιμοῖζομεν

204 1079 276 1110 τας
292 1058 431 1114 ὀσμας.
487 1060 761 1100 Smibendum
786 1062 928 1115 itaque
951 1072 999 1099 ut
1024 1061 1068 1099 iu
1093 1062 1187 1101 MS.
1216 1075 1290 1114 per
1313 1063 1350 1110 δ,
1384 1061 1455 1100 hic
1486 1061 1560 1100 ubi
1592 1061 1643 1101 de

203 1117 369 1168 Ionica,
399 1116 574 1157 Aeolica
597 1126 637 1156 et
662 1117 833 1170 poetica
856 1116 1038 1156 dialecto
1072 1117 1226 1171 agitur,
1258 1115 1364 1172 ὀδμή
1391 1127 1434 1158 et
1462 1116 1641 1172 εὐοδμία.

201 1175 432 1214 quenum.

887 1232 954 1272 76.

311 1288 354 1329 δὲ
381 1287 463 1335 τοῖς
490 1283 782 1339 καταλογάδην]
828 1286 870 1326 δὲ
905 1286 988 1334 τοῖς
1012 1289 1151 1327 καταλ.
1180 1293 1258 1325 etc.
1289 1285 1374 1340 εὕρ.
1395 1304 1429 1330 τ.
1452 1286 1516 1330 ἄν.
1547 1300 1641 1326 cum

204 1343 439 1383 interiectis
463 1341 778 1382 desiderantur'
768 1357 811 1380 m
838 1341 935 1381 MS.
991 1341 1120 1380 hmo.

313 1399 484 1451 ὁσμυλία
504 1394 681 1452 ἰχθύων]
734 1397 782 1437 C.
812 1398 865 1440 V.
905 1395 1108 1448 οδμυλίας.
1146 1396 1325 1465 Hesyeh.
1364 1395 1535 1448 ὀσμύλια
1561 1398 1642 1441 τῶν

199 1454 438 1500 πολυπόδων
460 1460 497 1498 οἱ
521 1456 603 1508 (αἱ)
632 1453 765 1504 οξέναι
795 1454 892 1509 (leg.
925 1451 1081 1507 ὅζαναι)
1112 1448 1565 1507 zzyouevac.1{umm.

315 1522 486 1573 όσμυλία
506 1520 688 1576 ἰχθύων]
726 1522 820 1562 MS.
849 1519 1044 1573 ὀσμυλιάς
1062 1517 1202 1574 ἰχθύος
1220 1520 1358 1560 habet.
1389 1521 1548 1563 Comm.
1569 1522 1639 1562 avi

282 1580 412 1623 ‚240.
443 1578 603 1618 habent
629 1577 829 1633 ὀσμύλια,
861 1586 908 1615 ut
937 1587 979 1616 et
1008 1577 1241 1617 litterarum
1268 1580 1333 1617 sol
1371 1576 1640 1617 casaubonus
1684 1612 1685 1616 ,

197 1637 274 1679 IV.
307 1635 358 1676 ad
380 1636 534 1675 Athen.
567 1635 619 1676 V.
653 1649 774 1689 quem
799 1633 909 1674 vide.
966 1634 1098 1672 Imm.
1683 1634 1690 1650 ³

308 1692 446 1747 γένος]
497 1692 850 1743 Falckenhurgius
868 1689 970 1739 εἶδος
987 1691 1118 1729 loco
1103 1688 1212 1743 γένος
1230 1703 1316 1728 non
1337 1693 1456 1730 male.

309 1749 421 1803 ἔχον]
478 1748 572 1788 MS.
604 1746 724 1803 ἔχων.
782 1747 912 1786 Imm.

306 1801 576 1859 τραπόμενον]
637 1805 810 1843 Desunt
843 1819 960 1856 τραπ.
996 1818 1027 1843 ε.
1062 1818 1096 1842 τ.
1125 1819 1163 1843 v.
1194 1809 1274 1841 etc.
1315 1819 1360 1844 ω.
1393 1818 1437 1855 φ,
1468 1802 1512 1845 Δ
1545 1817 1637 1842 cum
1678 1802 1690 1841 3

198 1861 432 1901 interiectis
463 1859 694 1898 omnibus’
682 1873 726 1896 m
759 1859 850 1898 MS.
907 1859 1038 1897 Imm.
1678 1859 1690 1906 'j'

307 1919 366 1963 εἰς
391 1913 440 1959 τό
463 1915 596 1969 ὕψος]
647 1916 752 1969 Leg.
781 1911 1026 1967 τραπόμενον
1055 1915 1112 1961 εἷς
1137 1910 1305 1965 τοῦψον,
1334 1914 1378 1953 in
1395 1913 1542 1966 forum
1565 1917 1639 1967 pi-

198 1975 426 2013 scatorium
455 1972 732 2018 deflectentem
764 1985 932 2018 sumere,
964 1979 1042 2010 etc.
1103 1970 1282 2009 ΚυΕΗΝ.
1674 1975 1690 2026 ’ἐζ

307 2027 516 2081 μαινίδια]
576 2028 727 2078 Antea,
759 2037 809 2065 ut
836 2035 878 2065 et
908 2026 991 2065 hoc
1020 2025 1256 2075 indicetur,
1286 2024 1486 2066 edebatur
1515 2040 1638 2065 men·

198 2083 298 2125 dese
329 2085 509 2137 μενίδια,
541 2097 617 2136 pro
650 2096 734 2137 quo
769 2092 811 2122 et
837 2084 894 2124 H.
928 2082 1068 2134 steph.
1101 2082 1146 2120 in
1176 2096 1252 2121 suo
1283 2081 1429 2122 codice
1457 2085 1637 2136 μαινίδια

202 2141 390 2181 correxit
411 2139 462 2178 ad
487 2153 614 2177 oram.
673 2139 796 2179 Iuno.
1676 2141 1679 2142 ’

309 2198 411 2248 ἒοέῖς
430 2196 495 2247 δὲ]
544 2195 592 2234 C.
625 2195 670 2235 A.
701 2196 805 2246 ἐρεῖς
828 2192 973 2246 μέντοι.
1030 2195 1204 2234 liunus.

307 2254 411 2306 ἐρεῖς
429 2252 500 2303 δὲ]
549 2250 646 2290 MS.
681 2252 783 2301 ἐρεῖς
802 2250 938 2302 μέντοι
969 2251 1093 2302 εἰσκρ.
1152 2250 1278 2290 Imm.

307 2307 576 2362 εἶσκρίνεται]
617 2306 662 2346 Ρ.
693 2307 746 2344 R.
777 2307 967 2358 κρίνεται.
1027 2305 1126 2345 SEB.

310 2365 450 2418 ῥίνας]
482 2363 554 2404 Sic
575 2361 700 2401 etiam
718 2362 810 2402 MS.
836 2361 949 2416 quod
971 2359 1380 2416 ὁοθογραφικωτὲρως
1399 2361 1549 2400 forte‘
1526 2365 1635 2414 ρῖνας
1689 2355 1690 2362 ¹

197 2420 420 2462 scribatur.
479 2421 606 2459 Iuno.

311 2477 531 2546 εἰσχεῒται]
576 2474 656 2512 Pro
679 2475 868 2526 εἰσχεῖται
900 2473 951 2513 C.
979 2473 1031 2512 A.
1072 2475 1151 2525 leg.
1183 2474 1423 2526 ἐκχεῖταιπ
1457 2469 1637 2540 α’ναπνοη
1673 2483 1675 2485 ’

197 2531 347 2583 ἕκιτνοη
381 2530 767 2586 (superscriptum)
806 2531 847 2570 ὁὲ
883 2531 949 2571 ἐπὶ
985 2526 1217 2582 ᾳυσῆματος
1254 2527 1280 2577 ἢ
1309 2527 1456 2582 ἀνέμου
1483 2531 1634 2582 εἴρηται

199 2587 338 2644 (quod
357 2586 703 2642 superscriptum)
735 2603 845 2641 παρα
874 2586 1109 2639 Θουκυδίδῃ.
1167 2586 1347 2626 liumm.
