1670 2938
113 74 199 117 704
740 71 816 114 IV.
875 75 941 116 63.

233 189 274 229 οἱ
301 184 491 239 κωμικοῖ]
542 183 593 228 C.
619 183 677 226 rA.
716 186 758 227 οἷ
783 185 958 229 παλαιοί.
992 194 1196 228 caeterum
1221 185 1325 230 haec
1354 186 1406 229 de
1435 188 1552 242 lyrae

118 244 223 300 iugo
239 242 440 297 marginis
461 250 561 280 sunt
580 241 626 279 in
647 239 697 282 C.
741 242 790 286 A.
846 243 1020 286 Kumnv,

228 311 318 359 ταῖς
351 306 522 363 λύραις]
564 308 611 351 C.
640 309 692 352 A.
723 309 943 366 subiungit
962 315 1002 354 οἶ
1037 310 1080 352 δὲ
1099 314 1278 366 τεχνῖται.
1308 310 1461 365 ψάλται
1474 325 1550 351 su-

115 366 395 423 perscriptum
416 374 493 405 est.
522 367 591 408 καὶ
614 365 669 415 αἶς
691 365 902 423 Ἀριστοφ.
931 367 976 406 in
997 367 1182 423 margine
1201 378 1276 412 est.
1305 369 1477 410 szmv.

229 443 328 487 ὅθεν
357 443 426 487 καῖ
443 448 593 497 Σοφοκ.
624 459 656 486 e.
694 450 801 496 etc.]
840 445 945 486 Cum
969 445 1064 500 ipso
1087 461 1207 487 versu
1227 451 1376 502 poetae
1397 445 1550 487 desunt

114 501 162 542 in
179 501 275 540 MS.
307 500 387 539 Est
407 508 547 540 autem
575 499 651 540 ille
669 515 723 541 ex
746 502 963 555 Sophoclis
979 505 1291 569 Aisteaiwte'air.
1322 502 1422 544 inde
1438 503 1548 543 enim

105 558 281 621 »proi'ert
310 557 558 596 Scholiasta-s·
587 556 804 610 Aris-toph.
838 557 889 598 ad
907 564 1129 614 βατραχους
1146 559 1312 600 Comici
1330 558 1383 599 ad
1403 573 1550 600 vocem

114 610 452 669 καλαμόφθογγα.
492 611 604 667 apud
633 627 755 667 quem
775 614 877 655 hinc
903 614 1074 655 emenda
1093 614 1279 671 ὥσπερεὶ,
1305 629 1382 672 pro
1402 616 1549 669 ὥσπερ,

115 680 166 710 ut
186 669 299 724 apud
323 685 419 710 eum
440 669 597 725 legitur
622 679 755 710 metro
786 671 1074 726 claudicante,
1103 669 1228 712 etiam
1259 672 1304 712 in
1330 687 1442 714 nova
1461 671 1548 713 edi·

115 726 250 770 tione.
307 727 433 768 IUNc.

228 794 427 850 τεχνῖται]
456 794 547 836 MS.
585 794 766 849 τεχνῖται.
826 793 1021 836 Ceterum
1060 809 1114 835 ex
1143 792 1416 849 sequentibus
1441 797 1549 836 male

83 893 100 904 ,
117 850 380 892 confundere
401 860 599 889 conatum
629 864 717 891 esse
734 850 1007 890 Robortellum
1029 851 1330 892 Citharisticen
1353 862 1396 893 et
1412 852 1549 906 Lyri—

106 911 210 959 'cen‚
242 921 371 962 quum
403 905 583 947 artifices
609 907 756 946 musici
785 907 893 948 varii
922 907 994 948 hic
1014 917 1333 957 enumerentur,
1363 907 1550 950 ostendit

115 965 317 1018 Sigonius
345 962 406 1004 II.
435 962 659 1006 Emendat.
691 975 756 1003 21.
812 962 976 1004 Eodem
1005 978 1142 1004 errore
1167 962 1254 1002 fuit
1278 963 1434 1004 amicus
1455 966 1550 1004 Ro-

117 1021 284 1059 bortelli
303 1018 370 1059 vir
386 1017 561 1071 doctus,
586 1021 764 1060 Hieron.
801 1021 976 1073 Magius
992 1019 1178 1061 scribens
1198 1019 1242 1059 in
1263 1020 1350 1059 suis
1369 1029 1550 1060 annota-

116 1075 311 1117 tionibus
324 1073 377 1115 ad
396 1074 551 1115 Aemil.
585 1076 712 1115 Proh.
738 1077 1017 1118 annotatione
1039 1077 1122 1117 III.
1155 1074 1206 1115 ad
1229 1075 1550 1130 praefationem,

115 1133 278 1186 Isyram
314 1139 354 1170 et
389 1130 609 1170 Citharam
629 1145 705 1184 pro
733 1131 870 1170 eodem
899 1135 1039 1186 accipi
1067 1134 1356 1186 instrumento,
1403 1136 1551 1174 testari

114 1190 346 1240 Pollucem,
378 1187 454 1242 qui
487 1186 616 1240 dicat,
639 1183 858 1243 λυρῳὸοὒς,
885 1187 1150 1244 κιθαρῳὸοὐς,
1179 1186 1418 1246 κιθαριστοῖς
1445 1190 1551 1230 idem

114 1245 370 1299 significare.
424 1243 528 1284 Non
561 1242 667 1284 dicit
697 1244 743 1283 id
770 1244 933 1299 uspiam
964 1247 1138 1300 Pollux,
1169 1245 1240 1285 cui
1262 1247 1378 1287 varia
1397 1259 1548 1302 genera

116 1300 329 1341 artificum
359 1300 615 1340 musicorum
647 1314 888 1342 enumerare
915 1301 1103 1349 animus,
1151 1315 1240 1342 non
1271 1301 1549 1346 confundere.

116 1357 221 1397 alias
244 1371 319 1396 cur
341 1369 429 1396 non
459 1366 504 1397 et
524 1353 682 1412 ψάλτας
704 1371 875 1411 quoque
898 1356 974 1396 sub
993 1357 1162 1398 eandem
1183 1359 1421 1412 Myconum
1442 1374 1551 1400 con-

115 1413 285 1453 iicimus
298 1411 319 1452 2²
352 1412 444 1453 Nec
462 1411 514 1452 de
535 1413 629 1452 aliis
648 1413 924 1466 scriptoribus
944 1413 1129 1470 inquiro,
1154 1415 1192 1454 si
1213 1415 1288 1470 qui
1308 1414 1465 1455 similia
1485 1415 1549 1454 in—

113 1477 349 1510 strumenta
374 1467 665 1510 confuderint.
700 1479 844 1510 noster
874 1469 948 1525 qui
978 1469 1062 1511 hoc
1089 1471 1202 1529 agit,
1236 1484 1326 1513 non
1354 1471 1416 1511 sic
1443 1473 1545 1527 agit.

110 1527 344 1568 Iunonium

225 1592 429 1649 λυρῳδοῖ]
476 1589 667 1649 λυριστῆν
694 1602 834 1635 autem
860 1607 948 1633 non
979 1593 1078 1634 item
1109 1592 1285 1647 dicunt,
1313 1604 1364 1635 ut
1387 1603 1550 1648 κιθαρι-

114 1646 238 1702 στήν,
273 1659 379 1691 teste
407 1652 607 1690 Helladio
641 1649 754 1704 apud
785 1651 991 1690 Photium
1017 1650 1093 1692 fol.
1121 1651 1215 1693 865.
1272 1652 1459 1704 Lyristes
1481 1661 1550 1691 ta-

112 1721 211 1748 men
240 1707 359 1747 Ptin.
388 1708 483 1749 Ian.
515 1707 593 1748 lib.
623 1707 699 1746 IX.
733 1721 798 1761 ep.
833 1722 896 1761 17.
954 1708 1013 1747 Et
1038 1708 1181 1751 Sidon.
1211 1708 1399 1762 Apollin.
1427 1708 1548 1762 VIII,

111 1777 179 1819 ep.
211 1777 276 1806 ιι.
331 1763 490 1804 Alcaeo
503 1766 645 1816 potior
661 1765 824 1817 lyristes
839 1766 938 1816 ipse.
995 1767 1092 1807 Sms.

221 1829 420 1888 λυρῳδοῖ]
452 1831 506 1871 In
522 1831 655 1872 Gloss.
685 1829 860 1887 λυρωδός
890 1834 1056 1886 lyricen.
1102 1831 1277 1877 Kuzmr.

219 1963 418 2023 ψάλλειν]
450 1965 498 2007 G.
521 1965 567 2007 Α.
598 1966 765 2023 κρέκειν,
794 1976 837 2007 at
855 1968 924 2011 καὶ
942 1964 1410 2023 κρεγμδςΙειιΡοτεοτὶΡω
1431 1975 1544 2006 sunt.

110 2022 160 2067 C.
197 2022 252 2066 V.
291 2023 420 2064 etiam
446 2020 616 2081 κρεγμός
651 2024 779 2080 legit,
815 2038 837 2064 a
876 2025 1018 2082 κρὲκω.
1054 2026 1267 2066 consentit
1301 2023 1545 2064 Salmasius.

109 2081 287 2123 KUnnN.

219 2146 497 2205 βαρβιτίζειν]
555 2149 617 2190 H.
662 2147 800 2201 Steph.
841 2157 885 2189 et
930 2148 1038 2204 Sylb.
1083 2162 1147 2204 pr.
1181 2146 1246 2190 ed.
1281 2149 1544 2205 βαρβατῖζειν.

109 2205 324 2248 Summus.

218 2271 498 2330 βαρβιτίζειν]
528 2271 653 2313 Prior
676 2271 811 2313 editio
832 2274 1103 2329 βαρβατίζειν,
1134 2270 1252 2327 quod
1272 2280 1314 2312 et
1330 2272 1546 2312 Kuehnius

107 2329 267 2373 Noster
286 2331 330 2372 iu
351 2345 430 2371 suo
453 2328 616 2372 Codice
642 2330 829 2370 correxit
845 2339 887 2370 et
907 2330 1266 2382 Falckenburgiue
1285 2342 1464 2384 quoque.

220 2398 379 2452 κρὲκειν
397 2398 442 2441 δὲ
461 2393 634 2451 κρεσμδς
658 2397 774 2450 etc.]
821 2398 917 2439 MS.
947 2398 1032 2438 ita:
1062 2397 1228 2452 κρέκειν,
1262 2397 1330 2438 καῖ
1358 2394 1543 2450 κρεγμός,

107 2457 178 2498 καὶ
200 2453 251 2498 τοὶ
269 2455 400 2510 ὅμοια.
430 2456 498 2497 καὶ
513 2453 564 2497 τοὶ
580 2452 788 2510 πράγματα
810 2451 1022 2509 προσᾴδειν
1040 2463 1117 2493 etc.
1138 2463 1219 2493 tam
1238 2452 1344 2492 bene
1362 2451 1545 2507 κριγμός,

108 2525 232 2566 quam
253 2521 374 2552 antea
406 2511 551 2565 inepte
580 2510 797 2566 legebatur
829 2509 1010 2565 κρεσμός.
1071 2511 1149 2549 Est
1179 2519 1220 2549 et
1245 2507 1356 2562 apud
1382 2511 1545 2562 Etyma-

108 2568 264 2621 Iogum.
323 2569 505 2624 Κρεγμῷ,
531 2568 582 2627 τῇ
608 2564 780 2625 κρούσει,
818 2564 1100 2618 Ἀπολλώνιος.
1158 2568 1304 2607 Locus
1322 2565 1544 2618 Apollonii
