1670 2938
167 27 251 68 720
787 25 862 64 IV.
923 27 989 70 75.

281 133 558 205 ἱπποᾳόρβος]
600 137 648 178 C.
674 138 725 177 V.
756 138 984 192 coniungit
1007 153 1098 178 cum
1119 139 1465 193 praecedentibus
1489 142 1614 198 legit-

173 208 254 263 que
275 191 539 267 inwoqo'ppaoc·
571 194 619 234 C.
659 194 711 234 A.
742 195 996 251 ἱππᾰφορβος
1015 205 1056 236 et
1080 195 1176 237 dein
1197 197 1315 240 τοῦτο
1336 198 1463 254 εὗρον.
1494 199 1543 241 C.
1563 199 1612 240 V.

169 248 274 305 πρὸς
292 249 364 299 τοὶς
392 254 420 292 ἵ.
450 267 487 291 ν.
547 251 726 294 Kumm

281 303 560 362 ἱπποφόρβος]
610 307 725 347 Nota
742 304 836 351 MS.
866 306 1111 360 scripturam
1134 307 1393 365 ἱππόφορβος.
1422 313 1481 351 ita
1498 313 1609 352 enim

170 362 458 413 scribendum,
509 377 598 403 non
626 373 676 403 ut
717 365 777 404 H.
812 363 950 417 steph.
988 364 1032 402 in
1061 364 1301 415 Thesauro,
1344 367 1607 424 ῖπποᾳορβός.

169 419 399 458 Iunonum.

270 474 567 543 ἱπποφόρβος]
626 471 872 529 ἱππόφορβος
897 476 1252 532 προπαροξυτόνως
1271 493 1350 532 pro
1376 478 1512 534 priori
1539 484 1608 523 ἱπ-

168 529 375 586 ποφόρβος
394 527 668 589 παροξυτόνως
687 547 739 572 ex
766 533 1028 573 correctione
1050 535 1231 574 Kaelmic
1254 536 1415 579 Nostri.

281 599 498 665 cunw‘itaaes]
548 599 902 653 Falckenbargius
922 599 1079 641 Noster
1101 617 1153 642 ex
1174 603 1301 644 MSto
1324 602 1376 642 ad
1398 617 1512 644 oram
1538 605 1606 644 sui

171 654 345 696 Codicis
351 657 504 724 ponit,
538 659 747 700 κελενίται·

281 710 570 766 προςῖππων]
621 713 718 755 MS.
733 730 851 782 προς
877 730 949 762 τας
979 718 1006 756 ἱ.
1049 723 1090 754 et
1128 714 1282 768 δάφνη,
1313 715 1385 766 τῆς
1421 717 1543 771 ἔπερ.
1575 718 1606 759 ἔ.

168 768 261 809 sine
280 769 365 808 inis
394 770 465 812 τοῦ
485 787 528 823 φ.
558 786 594 824 y.
627 779 666 810 et
686 768 775 825 γάρ.
817 769 887 810 Sic
904 770 993 810 fere
1013 781 1109 811 ante
1136 773 1211 820 IV,
1244 786 1309 826 7¹·
1339 787 1448 825 pone
1468 782 1607 812 autem

168 834 268 878 post
295 824 569 880 ἐξαιρεθείσης
599 837 805 880 punctum
840 840 933 864 cum
965 825 1057 867 MS.
1097 839 1229 868 cetera
1260 828 1371 867 enim
1398 826 1492 879 ὁξυν
1513 827 1610 883 ἦχον

171 881 266 933 (ubi
293 880 384 924 MS.
417 887 523 922 male
552 881 674 938 εἶχον)
706 893 749 922 et
777 895 894 937 seqq.
937 881 987 923 de
1020 882 1124 923 tibia
1152 885 1244 938 ipsa
1272 893 1422 926 narrat.
1479 885 1607 927 lune.

281 950 352 992 τοῦ
371 947 544 1004 φλοιου]
596 950 728 990 Abest
753 965 774 990 a
805 951 854 992 C·
887 950 935 991 A.
978 951 1052 1006 qui
1080 952 1219 1006 pergit
1246 949 1382 1004 δάφνη
1406 952 1476 1005 τῆς
1507 955 1608 996 ἔντε-

168 1002 317 1059 ριώνης·
335 1005 613 1064 οἷφῃρεθείσης
634 1005 730 1058 ὀξυν
759 1024 855 1062 ηχον
883 1005 1077 1050 α’ποτελεῒ.
1135 1009 1312 1051 ΚυΕΗΝ.

280 1052 581 1119 ἐξαιρεθείσης]
631 1065 678 1104 Ρ.
709 1063 896 1117 α’φειρεθ.
956 1062 1056 1106 SEB.

280 1123 349 1162 καῖ
382 1120 460 1162 τῶν
485 1121 646 1173 lunam]
703 1121 856 1176 Margo
898 1120 944 1164 C
976 1121 1026 1162 A.
1057 1123 1186 1160 etiam
1213 1134 1337 1174 equos
1363 1121 1610 1160 acutissimo

169 1190 268 1216 sono
288 1176 530 1216 demulcens.
589 1177 772 1215 Humm.

279 1231 624 1288 καθικνούμενον]
693 1233 785 1276 MS.
826 1228 1146 1287 καθικνούμενον
1178 1233 1430 1286 interpreter
1453 1234 1611 1286 percel-

168 1289 313 1327 lentem
342 1303 480 1342 equos.
536 1290 594 1327 Et
638 1288 785 1328 indico
813 1289 891 1327 tibi
921 1291 1058 1328 locum
1091 1289 1612 1343 Aelian.1ib.X11.mpz

170 1347 304 1398 ιδιωμ.
323 1343 387 1394 ζα).
407 1359 443 1389 c.
456 1343 523 1386 44.
543 1344 618 1384 ubi
634 1348 754 1398 plura
777 1344 906 1385 habes
930 1344 979 1384 de
1001 1345 1082 1384 hoc
1104 1346 1189 1384 ritu
1206 1345 1391 1398 Libyum
1410 1345 1611 1415 pascendi

167 1415 300 1455 equos
330 1400 383 1440 acl
417 1401 567 1450 tibias,
597 1415 698 1456 quas
730 1401 820 1455 ipse
846 1415 1016 1455 quoque
1041 1401 1246 1443 conficere
1267 1416 1338 1443 eos
1359 1402 1421 1442 ait
1439 1399 1611 1458 ῥοδοδά-

167 1474 269 1513 ᾳυης
294 1455 442 1501 κλάδον
467 1455 741 1513 κοιλᾴναντας
788 1458 1060 1498 Iuno.1

277 1569 435 1626 εὕρημα
454 1569 527 1625 μέν
546 1573 656 1614 ἐστιν
673 1574 843 1627 Αἰγυπτ.
855 1571 875 1624 ]
925 1569 996 1624 μὲν
1018 1567 1131 1610 abest
1151 1584 1174 1610 a
1202 1569 1252 1611 G.
1282 1569 1336 1612 A.
1364 1578 1418 1609 ut
1432 1578 1474 1612 et
1494 1583 1611 1642 seqq.

164 1627 364 1683 μέμνηται
389 1626 566 1671 δἀυτοῦ
583 1633 632 1670 Σ.
661 1631 694 1671 ἕ.
724 1633 773 1671 Θ.
833 1628 1016 1667 ΗυΕΗΝ.

277 1685 434 1750 εὕρημα
463 1684 537 1740 μέν
563 1687 670 1728 ἔστιν
697 1687 874 1757 Ac'yvn’t.
887 1685 906 1737 ]
970 1684 1068 1726 MS.
1109 1683 1261 1724 iterum
1291 1682 1454 1739 εὕρεμα.
1497 1681 1614 1723 deest

164 1741 250 1797 μὲν,
283 1751 326 1781 et
348 1741 441 1791 1sta
468 1758 586 1796 μεμν.
616 1740 650 1783 δ’
678 1759 716 1783 α.
748 1746 795 1784 Σ.
828 1743 859 1784 ἒ.
893 1744 940 1783 Θ.
997 1741 1124 1782 Iume-

276 1810 318 1851 ἐν
342 1806 528 1877 Θαμυρι]
577 1810 731 1850 Athen.
762 1809 840 1851 lib.
862 1809 896 1850 I.
929 1810 1004 1849 fol.
1035 1822 1100 1849 20.
1136 1807 1402 1863 [Σοφοκλῆς]
1437 1824 1506 1850 τον
1530 1803 1612 1851 Θά-

165 1883 286 1922 μυριν
313 1862 513 1909 διδάσκων
539 1875 620 1906 etc.
679 1865 795 1906 Idem
829 1875 969 1907 tamen
999 1866 1102 1905 alibi
1132 1871 1241 1918 Σοφ
1275 1868 1317 1910 ἐν
1343 1862 1530 1919 Θαμύρᾳ,
1566 1872 1613 1901 ut

163 1921 583 1991 xib.1V.f01.175.
632 1921 726 1963 185.
767 1921 860 1977 657.
934 1922 986 1962 In
1017 1923 1103 1962 vita
1138 1923 1218 1975 Sop
1222 1923 1353 1962 hoelis·
1389 1922 1548 1986 legitur
1575 1922 1614 1962 ἕν

162 1973 273 2034 μόνῳ
293 1994 347 2032 τῳ
375 1975 587 2034 Θαμύριδι.
625 1978 716 2020 vid.
754 1979 925 2021 casaub.
962 1978 1008 2018 in
1035 1979 1190 2018 Athen.
1191 1939 1299 2019 ΡΜ
1330 1976 1424 2019 506.
1483 1975 1585 2018 SER-

276 2047 318 2088 ἐν
327 2042 525 2109 Θαμυρι]
556 2048 714 2089 τελείαν
735 2060 899 2101 στιγμην
920 2046 1141 2101 posuimus
1165 2042 1265 2101 post
1287 2047 1400 2086 illa'
1379 2064 1420 2088 εν
1439 2042 1611 2098 Θαμυρι.

163 2115 219 2143 ne
244 2100 409 2142 scilicet
438 2103 658 2156 sequentia
692 2117 769 2156 pro
796 2103 938 2143 verbis
969 2104 1185 2155 Sophoclis
1214 2103 1518 2168 acciperentur,
1548 2101 1614 2139 uti

165 2157 337 2212 quidem
359 2156 408 2197 ab
425 2159 650 2211 Interprete
669 2159 828 2198 factum
850 2159 980 2200 vides.
1024 2160 1252 2201 Ceterum·
1241 2175 1286 2198 m
1309 2158 1470 2200 Codice
1491 2157 1614 2196 Falc—
1663 2153 1670 2161 ⁴

162 2214 382 2267 kenburgii
400 2213 454 2254 ad
477 2229 589 2254 oram
608 2225 705 2269 post
726 2218 770 2258 ἐν
795 2214 970 2269 Θάμυρι,
1001 2215 1211 2256 habentur
1239 2215 1364 2256 haec.
1394 2231 1436 2263 το
1458 2211 1615 2269 εὕρημά
1668 2225 1670 2227 “

162 2273 275 2315 ἔστιν
293 2272 543 2326 Αἰγυπτίων,
572 2286 679 2327 quae
700 2281 837 2312 tamen
867 2276 997 2326 paulo
1019 2282 1118 2311 ante
1145 2280 1474 2326 praecesserunt.
1663 2267 1670 2274 ’

275 2335 393 2381 αὐλεῖ
408 2337 516 2393 αα]
565 2339 746 2380 Salmas.
778 2351 922 2380 monet
944 2340 1084 2387 verba,
1117 2338 1237 2381 αὐλεῖ
1251 2340 1293 2380 δὲ
1310 2347 1386 2378 etc.
1418 2352 1504 2378 non
1528 2350 1616 2378 esse

163 2395 396 2450 Sophoclis,
426 2393 499 2435 sed
522 2395 732 2436 Pollucis.-
759 2410 844 2450 quo
865 2396 1003 2451 tangit
1025 2398 1299 2447 interpretem.
1360 2395 1540 2434 Humm.
1668 2395 1670 2398 ⁴

271 2460 376 2518 τόν]
431 2462 524 2503 MS.
556 2460 660 2502 bene
683 2459 823 2516 to'pro
843 2461 922 2506 τόν.
982 2464 1075 2503 Nec
1103 2473 1167 2502 est
1197 2462 1269 2502 hic
1291 2477 1434 2503 versus
1460 2463 1611 2515 Sopho·
1665 2472 1670 2487 ¹

163 2518 243 2558 clia
264 2521 391 2571 ullus,
421 2527 471 2558 ut
488 2520 684 2573 vulgatus
706 2534 806 2573 prae
835 2534 879 2561 se
911 2521 1021 2561 ferre
1053 2519 1236 2561 videtur.
1299 2519 1380 2561 Sed
1409 2531 1516 2574 post
1538 2517 1612 2562 Θά-
