1690 2944
203 71 285 112 340
833 69 890 110 11.
944 70 1016 114 52.

205 182 299 225 εἰσί.
332 179 383 221 de
408 181 515 234 Cyro.
574 181 775 220 Nostrum
795 195 893 222 vero
915 180 1006 222 Viri
1030 182 1146 223 docti
1172 191 1388 234 notarunt,
1419 193 1465 224 ut
1482 199 1642 228 memo-

205 238 290 278 riae
311 252 409 276 suae
426 237 623 277 fidentem
653 237 776 276 nimis
803 237 848 276 in
873 239 1095 279 laudandis
1118 254 1224 296 quae
1243 243 1402 295 legerat
1429 239 1642 294 αὗταλεξεί.

205 295 431 334 ῙυΝοΕιιΜ.

315 349 542 402 ὀξυωπίας]
590 350 724 390 Deest
746 348 979 402 ὁξυωπῖας’
967 365 1011 390 m
1045 318 1137 393 MS.
1195 353 1321 397 Imm.

318 414 675 473 ὀξυδερκέστατον]
725 418 896 459 Desunt
923 419 1249 476 ὀξυδερκέστατον
1274 423 1310 462 δ.
1329 420 1397 464 Ἠ.
1418 425 1453 463 λ.
1473 421 1519 460 in
1544 421 1639 462 MS

183 522 185 524 q
206 474 431 513 IUNGERM.

317 526 578 582 οἷμβλυοπός]
607 519 719 570 MS
751 538 914 570 tantum
933 528 1183 585 ἇμβλυωπὶα.
1219 529 1490 586 οἷμβλυωπων.
1512 530 1548 575 o’.
1578 546 1644 573 ce-

208 586 308 626 teris
330 598 436 638 quae
465 584 733 625 intercedunt
763 596 886 628 caret.
943 588 1075 629 Iuno.

317 649 578 707 ἇμβλυωπός]
625 652 676 692 In
701 668 772 693 ora
800 653 972 694 Codicis
994 655 1060 694 sui
1078 655 1434 709 Falokenburgius
1464 654 1536 695 hic
1562 653 1644 709 ἆμ-

207 712 395 765 βλυωπία
443 709 582 761 ponit

316 762 575 820 παραβλωψ]
623 766 717 806 MS.
748 763 998 821 παράβλωψ,
1027 765 1099 807 sed
1130 776 1345 808 accentum
1373 768 1470 822 quie
1499 766 1640 808 erasit.

207 824 436 863 IUNGERM.

317 880 386 920 καὶ
410 882 448 920 οἱ
479 876 703 931 στραβῶνες
732 879 836 932 etc.]
893 879 946 919 In
975 878 1024 920 C.
1055 879 1100 921 A.
1135 879 1239 920 haec
1270 893 1402 935 usque
1431 878 1483 919 ad
1515 878 1641 920 finem

208 942 304 976 sect
334 933 834 975 nonvideas.sz1m.

317 1002 385 1043 και
403 1005 442 1043 οἱ
463 997 702 1053 στραβῶνες,
736 1016 766 1041 ε.
789 1020 824 1043 τ.
847 1022 884 1045 ν.
903 1004 968 1056 a]
1000 1003 1203 1044 Desunt
1189 1019 1234 1044 ιη
1254 1005 1352 1047 MS.
1383 1003 1544 1045 Comm.
1570 1002 1641 1045 avi

207 1056 423 1112 cap2151.
458 1056 617 1096 habent
647 1050 883 1111 στραβωνες.
940 1060 1072 1099 Iuno.

896 1129 964 1171 52

317 1182 510 1234 διαφοραι
541 1180 602 1233 ἐ]
651 1178 751 1219 Non
784 1190 848 1220 est
880 1182 1030 1222 titulus
1059 1183 1105 1221 in
1140 1182 1187 1247 C.
1219 1183 1270 1224 A.
1304 1193 1508 1239 perpetua
1527 1184 1639 1224 enim

209 1236 344 1276 oratio
370 1246 444 1279 est.
501 1238 687 1276 KUEHN.

319 1294 452 1345 ι’λλος]
501 1293 644 1331 Fatck.
675 1289 795 1341 ἰλλὸς,
824 1301 866 1332 et
887 1292 947 1332 ita
975 1307 1141 1348 quoque.
1170 1296 1432 1336 Eustathius.
1462 1295 1640 1350 Hesych.

204 1346 588 1416 ’122693otpeffldg‚
619 1347 1153 1416 στραβός,διεστραμμέ.νος

316 1401 398 1448 οἷπο
415 1423 493 1447 των
514 1422 555 1447 π.
570 1405 584 1457 ]
642 1406 692 1445 A·
731 1404 808 1446 ὑπό
835 1405 924 1447 τῶν.
973 1405 1076 1446 8ΕΒ.

315 1470 398 1516 dno*
428 1473 507 1515 τῶν
541 1472 608 1524 π.]
664 1473 716 1511 In
762 1471 810 1512 C.
840 1472 889 1513 A.
930 1482 1051 1512 textu
1079 1476 1267 1529 leg-3⁷11,
1295 1475 1377 1518 τῶν
1407 1491 1636 1526 ποιητικων.

205 1544 347 1585 margo
373 1543 472 1569 vero
503 1527 653 1575 habet,
690 1527 771 1571 ύπό
798 1546 876 1569 των
894 1530 1080 1580 ποιητῶν.
1137 1530 1311 1571 KUEHN.

310 1592 396 1640 ἆπό
412 1596 490 1638 τῶν
517 1597 591 1660 ⁷²2]
638 1597 730 1638 MS.
765 1595 849 1639 ὑπό
873 1610 949 1650 pro
989 1595 1082 1639 dno.
1141 1597 1211 1638 Sic
1255 1608 1297 1638 et
1333 1600 1394 1642 H
1425 1599 1558 1652 Stepk.
1590 1598 1637 1638 in

205 1667 278 1692 ora
311 1651 471 1692 codicis
500 1652 580 1692 sui.
639 1652 771 1693 Iuno.

314 1717 396 1763 ἄπο
410 1719 488 1761 τῶν
506 1736 547 1761 π.
558 1720 577 1771 ]
623 1719 978 1772 Falekenburgius
997 1720 1120 1759 etiam
1143 1719 1224 1762 v‘no
1245 1740 1278 1764 τ.
1299 1737 1341 1763 π.
1366 1721 1562 1761 Eustath.
1583 1720 1636 1761 ad.

202 1776 255 1818 Il.
274 1781 315 1830 β,
340 1774 429 1817 180.
460 1777 560 1817 ἰλλοι
576 1791 686 1828 παρα
706 1775 760 1830 τῷ
783 1792 944 1830 κωμικῳ
961 1781 999 1818 οἱ
1021 1780 1201 1831 στραβοὶ.

313 1839 523 1890 ἰλλαῖπειν]
561 1843 658 1882 MS.
689 1841 887 1882 mendose
905 1841 1081 1893 ἰλλώπην
1101 1853 1142 1885 et
1160 1862 1214 1899 τῳ
1234 1858 1309 1896 pro
1333 1841 1390 1887 τό
1417 1846 1474 1883 H
1497 1845 1631 1896 Steph.

203 1898 247 1936 in
268 1897 446 1965 adpend.
467 1897 517 1936 de
535 1896 633 1937 dial.
665 1898 753 1937 Att.
783 1913 871 1951 cap.
894 1898 954 1939 16.
978 1908 1114 1939 tmem.
1135 1900 1173 1941 5.
1193 1886 1490 1952 reponendum
1511 1910 1634 1952 putat

201 1951 409 1996 ἰλλώπτειν
430 1962 471 1993 et
493 1951 792 1996 κατιλλιόπτειν.
822 1969 900 1994 nec
934 1956 1054 1994 aliter
1088 1955 1190 1995 haec
1219 1955 1303 1994 duo
1329 1955 1452 1995 verba
1477 1955 1634 2010 adgno-

183 2018 323 2050 ·scunt
344 2009 504 2048 Comm.
531 2009 599 2048 avi
622 2024 711 2063 cap.
737 2008 828 2051 184
860 2009 1068 2053 ἰλλώπτειν
1087 2011 1211 2051 etiam
1232 2011 1409 2063 Rhodig.
1431 2012 1512 2051 111.
1545 2021 1631 2051 ant.

201 2062 266 2106 28.
296 2064 413 2104 Idem
443 2078 543 2104 vero
574 2066 807 2117 Stephanus
837 2066 881 2105 in
915 2066 1112 2106 thesauro
1144 2081 1275 2121 graec.
1312 2068 1417 2121 ling.
1462 2067 1634 2120 reponit

198 2120 271 2160 hic
292 2123 474 2163 ἰλλωπεΐν
492 2130 535 2160 et
560 2124 832 2164 κατιλλωπεῖν.
891 2123 1036 2162 Priora
1064 2122 1267 2175 adprobat
1292 2123 1381 2163 MS.
1415 2123 1488 2175 qui
1521 2132 1631 2162 certe

197 2179 326 2230 paulo
346 2186 444 2230 post
463 2176 745 2220 κατιλλώπτειν
768 2177 907 2218 habet.
937 2179 1024 2217 fere
1046 2177 1090 2216 id
1108 2177 1382 2230 pervideram,
1405 2177 1507 2218 adeo
1528 2175 1631 2216 sub-

197 2232 332 2273 tiliter
348 2231 521 2288 adpingi
548 2236 655 2272 solet
680 2251 701 2274 τ
727 2251 782 2287 τῳ
812 2252 842 2275 π
872 2233 916 2284 in
943 2234 1041 2274 MS.
1098 2234 1223 2276 Iuno.

307 2297 518 2349 ἰλλαῖπειν]
563 2300 917 2352 Falckenburgius
943 2303 1164 2342 ἰλλωπτεῖν.
1197 2301 1390 2340 Eustath.
1419 2298 1629 2352 ἰλλώπτειν

198 2352 251 2400 ad
271 2358 398 2403 Hom,
416 2355 542 2398 Iliad.
566 2361 606 2410 β.
627 2371 667 2397 v.
683 2369 774 2409 217.
794 2365 836 2394 et
854 2355 912 2394 ita
934 2369 1102 2408 quoque
1121 2357 1366 2408 Hesychius,
1383 2371 1503 2411 quem
1516 2355 1628 2397 vide.

303 2423 594 2478 παραβλέπων]
643 2425 780 2461 Limis
801 2422 948 2460 videre.
1007 2424 1187 2462 Romu.

304 2492 549 2544 δενδίλλειν]
597 2492 726 2530 Extat
754 2503 838 2528 vox
868 2487 972 2528 haec
995 2488 1106 2542 apud
1133 2491 1254 2528 Hom.
1287 2489 1339 2528 Il.
1363 2507 1399 2540 ι,
1434 2487 1524 2530 180.
1555 2487 1627 2527 ubi

194 2543 334 2585 brevia
363 2547 535 2587 Scholia
560 2548 671 2586 illam
700 2545 915 2599 explicant
940 2559 1035 2599 per,
1068 2547 1147 2594 τοῖς
1176 2545 1327 2598 ὄμμασι
1357 2543 1572 2591 διανεύων.
1601 2545 1629 2594 ἤ
