1670 2938
622 109 700 153 Ν.
760 112 855 159 100.
1338 97 1341 99 ’
1379 112 1466 162 763

7 236 179 266 monere
210 236 334 278 supra
362 220 412 266 τᾶ
443 219 619 276 malmin
645 221 799 263 ascribi
827 221 875 263 in
906 220 962 268 C.
984 220 1037 264 A.
1067 224 1244 268 alterum
1268 230 1307 268 λ.
1336 221 1465 271 habet

6 290 52 327 et
78 279 129 323 C.
167 279 221 321 V.
251 277 300 322 τό
325 278 536 332 φαλλικόν.
595 280 775 320 ΚυΕΠΝ.
1323 334 1326 335 ⁷

117 333 432 391 ἐφ”Ηρακλεῑ]
481 337 574 378 MS.
604 336 629 379 ὅ
643 335 843 392 ἸῙρακλεῒ
866 349 944 390 pro
974 335 1040 391 ἐφ’
1065 335 1161 392 *Ηρ.
1218 336 1349 381 Iuno.

113 398 415 459 κολαβρισμδς]
452 404 523 444 De
545 418 596 444 eo
620 401 708 445 vid.
742 403 923 446 Camala.
944 404 1040 446 XV.
1067 405 1224 446 Athen.
1244 403 1306 446 16.
1336 404 1460 446 cuins

12 459 149 502 verba
169 459 403 500 adscribere
424 462 578 514 placet,
607 474 714 515 quae
744 458 797 499 ad
822 461 1049 501 Pollucem
1068 459 1341 514 peculiariter
1354 475 1461 517 spe-

3 526 137 567 ctant,
166 524 215 555 ut
235 513 500 570 quorundam
527 529 709 556 errorem
740 515 816 571 qui
839 515 1023 572 Καρικόν
1051 516 1307 571 peculiarem
1335 514 1460 571 saltaf

3 572 164 614 tionem
181 570 253 611 hie
270 571 453 618 faciunt,
486 573 732 626 adgnoseas.
763 572 826 611 sie
847 571 928 614 ait:
962 571 1104 615 Iulius
1131 574 1292 614 Pollux
1325 573 1458 615 Cola-

2 627 202 669 britanum
223 625 389 667 affinem
408 627 673 681 Pyrrhichae
691 627 913 668 saltationi
934 629 1056 680 facit,
1085 627 1296 670 Thracum
1315 640 1359 671 et
1379 630 1459 673 Ca,

2 698 94 725 rum
115 683 351 724 inventum.
406 683 499 724 Nec
529 684 652 724 aliter
680 682 850 739 accepit
878 685 961 728 Iul.
991 686 1200 739 Scaliger.
1229 686 1264 726 Ι.
1291 687 1456 729 Ροέῑίσ.

3 736 68 784 18.
100 748 143 781 et
162 753 265 780 avua
287 748 432 780 noster
462 739 623 783 Comm.
648 738 744 796 930.
801 740 928 781 Errat
948 740 1093 796 itaque
1109 741 1316 782 Erasmus
1338 741 1460 784 Ada-

3 796 100 853 gio:
134 796 287 836 Carica
309 797 455 846 Musa,
485 795 561 835 nbi
580 796 642 836 ait
664 795 799 836 fuisse
821 804 863 835 et
881 796 1121 838 saltationis
1145 810 1279 853 genus
1299 802 1457 839 tumul·

2 862 174 894 tuosum
205 866 254 892 ao
283 852 465 892 militare
492 861 572 892 etc.
609 850 726 907 quod
753 851 910 892 Pollux
939 852 1012 892 hic
1034 852 1215 907 Καρικόν
1245 858 1454 909 appellat:

1 917 44 950 et
70 909 223 949 iterum
250 907 418 964 Adagio
447 909 708 962 Pyrrhia-hen
734 909 865 948 oculis
893 923 999 963 prae
1025 926 1067 950 se
1089 910 1253 963 ferens,
1294 910 1372 950 ubi
1402 910 1455 952 de

4 965 177 1006 Polluce
196 964 270 1004 hic
290 965 406 1005 varia
429 978 580 1020 genera
613 964 816 1018 exponit,
849 979 1015 1015 rursus,
1046 966 1133 1015 ait,
1168 965 1294 1006 aliam
1328 980 1454 1021 quam

0 1019 182 1077 Καρικήν
204 1020 364 1069 dixere,
393 1034 501 1076 quae
522 1030 565 1060 et
585 1021 677 1075 ipsa
703 1019 828 1060 armis
847 1021 1138 1076 peragebatur.
1168 1020 1242 1062 hio
1265 1031 1308 1063 et
1330 1029 1454 1079 Καρι-

0 1076 76 1130 κήν
99 1077 248 1132 fingitz
277 1076 313 1116 si
344 1075 472 1117 modo
493 1076 685 1118 editione
711 1075 828 1117 fideli
851 1086 964 1118 utor.
1020 1078 1152 1119 Iuno.

109 1129 343 1188 Καρικόν]
402 1133 450 1176 C.
478 1133 528 1177 V.
555 1130 745 1187 βαρικόν·
772 1142 881 1186 puto
910 1133 1044 1174 fuisse
1059 1132 1327 1189 βαρβαρικδν.
1357 1149 1455 1176 nam

0 1189 199 1247 βάρβαροι
216 1186 303 1234 κατ’
315 1187 456 1245 ἕξοχῆν
480 1190 604 1229 Cares
617 1189 880 1244 Phrygesque
895 1189 983 1230 dici
1002 1193 1154 1235 solent.
1166 1189 1255 1234 vid.
1276 1194 1454 1246 Hesych.

0 1247 45 1287 3¹2
61 1243 388 1303 βαρβαρόφωνοι.
444 1246 624 1286 Konna.

110 1305 180 1347 καὶ
203 1299 451 1357 βαυκισμᾶς,
490 1299 652 1346 Βαύκου
682 1298 895 1357 ὀρχηστοῦ.
926 1302 1082 1358 κῶμος]
1132 1303 1289 1359 Margo
1317 1301 1368 1346 C.
1405 1303 1452 1346 Δ.

0 1373 131 1415 usque
150 1357 203 1399 ad
222 1357 447 1414 ἐπώνυμος,
475 1358 583 1414 legit
604 1366 743 1399 autem
765 1357 1005 1414 βαυκισμός,
1027 1356 1217 1402 Βαιῖσκον
1237 1369 1316 1402 etc.
1335 1360 1384 1400 C.
1397 1360 1452 1404 V.

0 1415 79 1458 its:
110 1418 182 1460 καὶ
197 1412 470 1471 βαυσιισμός,
495 1412 687 1470 βαύσκος,
715 1411 911 1459 Βαύσκου
930 1415 1125 1470 ὀρχηστοῦ
1146 1413 1284 1469 κώμου
1303 1418 1335 1459 ἒ.
1359 1416 1454 1456 Sal·

0 1486 96 1516 ma.
136 1471 263 1513 etiam
303 1482 449 1512 monet
480 1481 580 1526 post
618 1469 819 1528 ὀρχηστοῦ
861 1471 1094 1513 tollendam
1130 1470 1454 1515 distinctionem

0 1541 98 1571 sese.
154 1530 335 1571 Kunmt.

107 1587 177 1629 καὶ
202 1580 447 1639 βαυκισμδς,
472 1578 637 1627 Βαύκου
661 1581 876 1638 ὀρχηστοῦ.
908 1583 1069 1637 κῶμος]
1121 1583 1216 1626 MS.
1248 1586 1318 1629 καὶ
1346 1590 1455 1639 βαυ-

0 1641 182 1697 σκισμός,
210 1641 402 1684 Βαύσκου
420 1638 610 1695 ὀρχιστοῦ
630 1641 763 1693 κῶμος
779 1643 846 1685 ἐπ.
875 1649 920 1680 et
944 1649 1055 1681 certe
1087 1640 1201 1681 inter
1230 1642 1340 1683 corti
1373 1656 1453 1683 en..

0 1697 94 1738 dum
117 1698 254 1738 visum
276 1695 384 1736 mihi
408 1706 471 1736 est
497 1694 604 1735 illud
631 1705 834 1751 punctum
859 1705 958 1750 post
981 1695 1176 1751 ὀρχισιοῦ
1202 1657 1454 1745 tollendum.

0 1754 59 1794 ait
87 1754 201 1794 enim
230 1752 341 1792 hane
362 1752 628 1792 saltationem
662 1752 956 1806 cognominem
982 1753 1116 1793 fuisse
1143 1754 1351 1805 saltatori,
1383 1758 1454 1796 vel

0 1824 150 1851 nomen
175 1807 227 1848 ab
255 1821 306 1849 eo
338 1807 530 1860 traxisse,
560 1817 609 1847 ut
629 1817 672 1848 et
704 1807 845 1848 statim
866 1808 1055 1865 loquitur
1081 1807 1228 1850 eodem
1248 1810 1376 1851 modo
1400 1809 1453 1852 de

0 1865 143 1923 gingra
174 1864 270 1905 init.
308 1878 437 1919 segm.
467 1875 559 1905 102.
618 1864 768 1904 Putem
806 1864 865 1904 ita
895 1875 938 1906 et
970 1864 1232 1920 scaligerum
1259 1867 1294 1909 Ι.
1329 1867 1451 1909 Ροέῑ.

0 1921 61 1966 ι8.
92 1921 327 1974 accepisse:
360 1919 552 1975 quamvis
582 1918 725 1959 addit:
755 1920 868 1960 hane
895 1935 1056 1975 quoque
1084 1922 1222 1975 κῶμον
1253 1926 1453 1963 nomina-

0 1986 108 2028 runt,
158 1978 280 2032 quasi
311 1977 374 2017 sie
404 1985 516 2017 esset
544 1975 815 2030 agnominata
842 1977 982 2021 etiam.
1012 1977 1085 2019 sed
1114 1983 1250 2033 κῶμον
1282 1988 1449 2020 tantum

0 2030 66 2076 bic
87 2047 165 2089 pro
186 2033 329 2088 specie
347 2029 483 2087 κώμου
498 2031 681 2086 accipio.
724 2031 776 2072 In
798 2046 884 2087 quo
908 2032 1039 2090 magis
1059 2034 1299 2087 confirmor,
1321 2050 1452 2090 quum

0 2090 130 2146 legam
164 2099 207 2129 et
242 2089 357 2144 apud
396 2103 520 2129 avum
558 2088 720 2130 Comm.
758 2102 849 2143 cap.
879 2089 973 2145 950.
1014 2089 1118 2131 haee
1145 2101 1450 2146 exponentem:

0 2142 243 2201 ραυχισμός,
273 2145 419 2201 inquit
449 2146 630 2196 Pollux,
660 2158 682 2184 a
716 2147 917 2185 saltatore
941 2147 1114 2196 Bauco,
1150 2148 1452 2188 comessatoria

0 2202 164 2245 saltatio
195 2215 349 2242 nomen
379 2201 542 2241 sortita.
590 2200 807 2241 mollicula
837 2201 908 2241 illa
945 2202 1140 2257 quidem,
1175 2212 1219 2244 et
1248 2203 1452 2245 delicatos

0 2258 270 2300 nembrorum
293 2256 433 2298 flexus
456 2257 633 2302 habene,
692 2255 828 2297 Addit
858 2272 975 2298 suam
998 2259 1311 2300 coniecturam:
1351 2257 1452 2299 Nisi

0 2312 107 2362 forte
133 2328 277 2355 verum
301 2323 364 2355 est
387 2312 622 2366 καυκισμός.
650 2326 744 2353 nam
777 2313 821 2352 in
848 2314 1006 2355 Athen.
1037 2314 1134 2355 libr.
1167 2316 1243 2356 Iv.
1275 2310 1454 2364 καυκιζό·

0 2384 112 2425 μενον
131 2369 302 2427 quidam
323 2368 523 2411 Comicus
546 2383 684 2409 senem
709 2368 993 2423 reprehendit,
1031 2370 1075 2410 id
1094 2379 1158 2411 est
1182 2371 1340 2411 lascive
1372 2372 1453 2411 sal-

0 2433 149 2468 tantem
169 2425 214 2466 in
233 2426 450 2467 convivio.
511 2425 628 2465 Hinc
650 2425 782 2481 igitur
812 2424 922 2468 esset
944 2424 1174 2479 καυκισμός,
1201 2435 1250 2465 ut
1276 2424 1358 2470 cino*
1381 2423 1456 2470 τοῦ

0 2485 331 2537 κολαβρίζεσθαι,
366 2479 648 2538 κολαβρισμός.
708 2481 862 2522 Verum
898 2480 1208 2523 eruditissimus
1241 2482 1451 2522 casaubo-

0 2551 72 2579 nus
93 2552 143 2579 eo
164 2538 251 2577 loci
272 2540 442 2593 reponit
472 2537 771 2595 βαυκιζόμενον.
802 2547 845 2578 et
871 2538 916 2579 in
945 2547 1091 2578 nostro
1126 2537 1296 2578 Polluce
1322 2537 1454 2579 adno-

0 2594 175 2637 tavimus
198 2593 279 2633 iam
303 2595 436 2637 errori
462 2595 566 2638 alibi
590 2594 716 2637 ctiam
737 2596 878 2637 locum
907 2592 1071 2637 dedisse
1101 2610 1125 2637 κ
1153 2601 1195 2634 et
1224 2597 1255 2650 β
1286 2594 1333 2638 in
1354 2595 1451 2638 MS.

47 2671 175 2708 Pollux
212 2669 292 2710 Vol.
318 2673 389 2709 1V.
1043 2660 1078 2703 Β
1099 2659 1125 2701 b
1151 2659 1177 2702 b
