1690 2944
233 128 315 170 338
861 124 922 166 ΙΙ.
981 128 1048 170 49

234 255 285 280 τα
305 235 407 289 ὑπὲρ
433 235 512 278 τῶν
549 233 750 291 ὀμμάτων,
781 190 1014 290 superciliis
1041 237 1162 291 quasi
1184 237 1363 293 imbrice,
1396 238 1672 294 sugerundioj

235 296 396 333 munire
428 295 643 343 superiora
667 292 889 335 oculorum.
925 294 1057 333 Cicero
1087 294 1161 334 lib.
1188 295 1245 333 II.
1282 293 1334 334 de
1377 295 1434 335 Ν.
1443 271 1524 334 bD.
1553 310 1672 348 supe-

235 352 350 388 riora
369 349 602 400 superciliis
620 349 800 388 obducta
820 350 1004 389 sudorem
1023 365 1050 388 a
1069 352 1206 402 capite
1222 359 1261 388 et
1271 350 1418 402 fronte
1434 351 1672 400 defluentem

234 405 440 459 repellunt.
472 403 584 444 unde
611 404 855 459 corrigenda
885 406 1022 446 versio
1041 407 1296 458 Interpretis.
1355 409 1535 450 liumus.

343 460 511 513 γεῒσσα]
561 461 675 514 γεῖσα
696 462 790 503 MS.
826 462 1122 513 Xenoplzontea
1141 471 1242 500 sunt
1260 461 1333 503 lib.
1355 462 1384 504 I.
1417 462 1672 502 memorabi-

231 516 335 556 lium
358 515 564 555 dictorum
585 517 787 567 Socratis,
816 527 865 556 ut
888 527 1040 556 notant
1063 517 1220 557 Comm.
1255 517 1323 556 avi
1345 532 1380 556 c.
1405 517 1496 560 144.
1537 519 1672 558 Iuno.

342 581 655 636 οἷπογεισσῶσαι]
694 585 787 626 MS.
819 584 890 623 hio
914 583 1083 624 habet’
1056 584 1329 638 απογεισῶσαι
1345 597 1492 628 unoc-
1536 585 1670 626 IUNG.

341 637 661 692 α’πογεισσῶσαι]
710 640 1065 692 Falckenburgius
1087 640 1371 694 οἷπεγείσσωσε.

342 698 464 747 φησὶν
493 693 516 738 ὁ
540 696 710 749 Senem-J
761 696 808 736 C.
838 696 889 737 A.
935 710 1023 735 non
1055 695 1208 746 habet,
1257 697 1383 750 φησιν
1409 695 1433 739 0‘
1462 696 1664 751 Ξενοφων

233 753 414 792 KtmnN.

344 809 470 861 φησῖν
496 824 517 849 ο
536 808 708 860 Ξενοφ.]
761 809 933 847 Desunt
954 825 1049 860 φησ.
1072 825 1092 850 ο
1116 807 1161 854 Ξ.
1193 807 1239 846 in
1269 807 1359 847 MS.
1417 807 1550 848 IUNG.

342 867 411 907 και
429 862 607 916 οφρυες]
654 864 935 920 καὶὸφρυεςε.
954 881 991 905 κ.
1014 867 1049 905 δ.
1083 864 1277 903 absunta
1309 863 1357 904 C.
1388 864 1440 904 A.
1488 866 1667 905 Kumm.

343 921 413 962 καὶ
432 918 607 972 ὀφρύες]
657 922 827 960 Desunt
845 923 912 962 και
931 916 1000 972 0⁸11)-
1026 936 1056 961 ε.
1078 920 1146 961 καὶ
1164 922 1198 960 ὃ.
1236 919 1281 957 in
1303 920 1390 958 MS.
1448 919 1580 961 IUNG.

342 994 368 1026 η
387 974 586 1028 α’νέλκων]
639 978 847 1015 Desunt
826 995 850 1027 η
870 975 1042 1018 ἀνέλκων
1063 976 1106 1013 in
1127 975 1217 1016 MS.
1275 975 1403 1018 IUNG.

305 1067 308 1070 .
344 1032 561 1083 συνέλκων]
611 1032 711 1071 Non
734 1032 862 1073 habet
892 1031 939 1073 C.
970 1033 1020 1074 A.
1078 1034 1254 1072 HUEHN.

343 1087 443 1140 ὑπὲρ
462 1105 509 1128 τα
502 1086 656 1155 ’νε’φη]
705 1088 805 1141 ὑπὲρ
827 1106 876 1129 τα
895 1088 993 1139 νέφη
1013 1087 1163 1127 absunt
1192 1101 1214 1126 a
1243 1086 1291 1126 C.
1323 1086 1374 1128 A.
1432 1088 1610 1128 KUEHN.

344 1143 446 1195 ὑπὲρ
464 1161 511 1184 τα
532 1145 630 1195 νέφη
648 1144 667 1195 ]
704 1145 873 1183 Desunt
891 1144 994 1198 νπὲρ
1013 1161 1059 1184 τοι
1081 1146 1181 1194 νέφη
1206 1143 1248 1181 in
1269 1145 1358 1183 MS.
1391 1142 1549 1182 dicitur
1567 1158 1667 1184 vero

231 1199 352 1253 νέφος
372 1198 550 1264 ὀφρύων,
566 1209 608 1239 et
624 1200 773 1237 Latini
794 1200 1029 1251 superciliis
1056 1199 1204 1238 nubem
1217 1198 1443 1239 attribuere
1457 1202 1522 1239 vel
1533 1199 1669 1239 fronti

233 1258 280 1296 in
304 1255 476 1294 tristitia
495 1265 536 1295 et
557 1254 812 1305 turbatione,
842 1254 1052 1308 hodieque
1066 1254 1198 1292 nostri
1220 1254 1418 1293 Germani
1441 1254 1491 1295 de
1511 1255 1668 1295 talibus

234 1313 357 1351 aiunt
375 1314 452 1349 wie
471 1311 611 1350 macha
632 1325 675 1348 er
695 1314 760 1349 ein
787 1312 1008 1363 gewz’ilken
1037 1308 1200 1377 ὀφρύων
1219 1310 1446 1361 νέφρωσιν,
1470 1328 1543 1360 την
1574 1328 1668 1353 σκυ·

232 1367 501 1438 θρωπότητα,
531 1366 589 1404 ait
608 1368 854 1405 Eustatlzius
875 1365 926 1404 ad
946 1364 1071 1407 Iliad.
1093 1384 1130 1406 α.
1157 1380 1195 1404 ν.
1221 1363 1315 1405 528.
1335 1364 1465 1418 ibi,'5
1439 1384 1463 1416 η
1485 1369 1553 1408 καὶ
1574 1383 1667 1408 xva-

233 1428 366 1481 ’νέῃσιν
389 1426 437 1465 ἐπ
479 1420 629 1477 ὀφρυσι
652 1423 760 1464 νεῦσε
791 1425 986 1473 Κρονίων
1046 1423 1172 1461 IUNG.

341 1476 601 1548 μεσόφρυον]
652 1477 749 1517 Vid.
780 1478 938 1517 Comm.
964 1477 1031 1516 avi
1056 1492 1144 1543 cap.
1173 1474 1262 1520 146.
1320 1476 1450 1516 IuNc..

343 1534 601 1590 μεσόφρυον]
645 1534 999 1586 Falckenburgius
1022 1533 1262 1585 συνόφρυον,
1292 1531 1342 1571 de
1370 1546 1454 1586 quo
1485 1546 1538 1571 an
1567 1535 1668 1572 vul-

233 1601 357 1657 gato
354 1591 502 1630 melius
524 1591 604 1638 sit,
635 1591 788 1657 ἰατρων
797 1592 936 1638 παῖδες
961 1589 1303 1654 piouunciabunt
1322 1588 1488 1628 rectius.

343 1646 367 1689 ὂ
383 1650 451 1689 και
470 1645 531 1701 μ]
587 1645 634 1686 C.
665 1647 712 1685 A.
743 1643 788 1687 w*
819 1647 886 1687 καὶ
906 1663 951 1696 μέ
957 1643 1102 1686 τώπιον
1128 1640 1426 1696 ονομαζόμενον.
1486 1643 1665 1684 RUEHN.

339 1702 569 1771 μίξοφρυν]
619 1701 664 1740 C.
704 1703 755 1740 A.
793 1704 863 1743 και
886 1704 1096 1755 μίξοφρυν.
1127 1699 1201 1738 ubi
1231 1699 1554 1754 superscriptum
1585 1701 1666 1742 καὶ.

233 1761 298 1800 Gl.
325 1757 553 1813 μεσόφρυον
583 1759 847 1798 intercilium.
903 1760 1082 1796 KUEHN.

342 1819 535 1879 Κρατῖνος
557 1830 622 1854 και
638 1813 702 1866 μ]
733 1815 780 1854 Ρ.
813 1813 864 1855 V.
894 1822 936 1852 et
956 1814 1002 1854 A.
1032 1819 1158 1867 Κρατ
1181 1809 1291 1866 παροῖ
1314 1812 1356 1854 δὲ
1375 1813 1458 1861 τοῖς
1481 1829 1542 1866 τρ.
1563 1829 1597 1854 τ·
1628 1827 1663 1856 0·-
1689 1856 1690 1865 ¹

230 1890 262 1916 ε
284 1890 319 1914 z·-
338 1876 431 1912 λυπ.
462 1868 657 1911 τάττεται.
682 1885 723 1909 π.
784 1869 882 1911 SEB

338 1929 536 1982 Κρατῖνος
555 1927 624 1966 και
641 1942 684 1978 μ.
696 1925 710 1977 ]
740 1924 793 1963 In
825 1925 873 1965 C.
904 1923 956 1964 A.
986 1933 1084 1977 post
1102 1926 1312 1978 Κρατῖνος,
1339 1923 1409 1966 καὶ
1435 1940 1515 1976 μην
1536 1923 1665 1964 omit-

229 1982 348 2023 titur.
407 1982 587 2021 KUEHN.

339 2039 538 2104 Κρατῖνος
566 2038 634 2078 καὶ
664 2053 705 2089 μ.
697 2036 731 2088 .]
787 2036 883 2075 MS,
915 2044 1014 2090 post
1042 2036 1237 2091 Κρατῖνος
1263 2047 1341 2088 pro
1371 2033 1438 2073 his
1467 2036 1534 2078 καὶ
1553 2052 1597 2089 μ.
1620 2052 1668 2079 π.

228 2093 371 2142 habet,
398 2090 510 2149 παροέ
526 2094 566 2134 δὲ
583 2093 675 2139 τοῖς.
733 2092 863 2133 IUNG.

341 2204 682 2258 συνοφρυωσθαι]
727 2203 793 2241 Ita
821 2212 864 2242 et
888 2204 981 2241 MS.
1010 2201 1148 2240 habet.
1181 2199 1349 2241 videtur
1369 2208 1504 2240 tamen
1526 2214 1664 2241 emen-

224 2260 413 2301 dandum
433 2260 770 2314 συνωφρυωσθαι,
799 2268 848 2297 ut
868 2268 909 2297 et
934 2261 992 2297 H.
1014 2258 1153 2308 Steplz
1185 2256 1228 2294 in
1258 2267 1332 2294 suo
1362 2255 1510 2294 codice
1529 2271 1664 2298 cone.

229 2318 308 2358 xit.
340 2316 542 2357 verbum
530 2331 576 2355 m
592 2314 800 2354 Alcestide
822 2324 982 2353 exstare
1005 2321 1157 2351 notant
1183 2311 1342 2350 Comm.
1365 2311 1433 2350 avi
1462 2324 1549 2365 cap
1573 2312 1663 2356 146

229 2373 458 2415 IUNGERM.

312 2427 606 2481 λυπουμένων.
637 2423 770 2481 παρα]
823 2424 871 2464 C.
903 2425 954 2464 V.
994 2421 1262 2476 λυπουμένων.
1308 2418 1510 2474 τάττεται,
1554 2442 1662 2480 παρα

227 2492 308 2526 etc.
367 2487 548 2525 Rumm.

337 2541 606 2594 λυπουμένων,
642 2536 776 2593 παρά]
833 2535 932 2580 MS.
972 2534 1160 2574 auctius:
1200 2539 1369 2587 λυπουμ.
1397 2530 1658 2577 ruiturae-'ns

226 2596 444 2636 IUNGERM.
