1690 2944
841 657 901 706 ΙΙ.
984 668 1024 711 1.

214 825 254 864 K
324 767 492 813 Ἰουλίου
540 772 727 824 Πολυὸ.]
799 772 852 812 In
898 771 946 816 C.
992 772 1041 820 A,
1099 771 1252 814 desunt
1292 787 1419 830 segm.
1462 786 1499 816 ι.
1531 782 1575 814 et
1612 784 1649 815 2.

258 839 391 867 uEHN.

323 890 495 938 Ἰουλίου
517 896 703 948 noina]
734 896 906 936 Titu1us
929 896 1057 936 huius
1078 896 1178 937 ubri
1201 897 1246 938 in
1260 897 1359 939 MS.
1387 896 1491 938 istm
1523 881 1651 950 ’Aozn‘

212 948 283 991 τοῦ
301 952 485 1006 δευτέρου
501 954 674 1005 βιβλίου.
733 956 840 1007 Περὶ
871 950 1054 1009 σώματος
1075 951 1294 1007 ἀνθρώπου
1321 956 1389 997 καῖ
1415 954 1484 1004 τῆς
1499 950 1652 1005 ὄνομα·

213 1007 306 1071 σιάς.
326 1004 406 1049 ταῗν
431 1010 474 1050 ἐν
502 1007 617 1062 αὐτῷ’
640 1013 824 1062 φανερῶν
849 1013 918 1052 καὶ
936 1008 1101 1064 οἷφανῶν
1129 1012 1289 1064 μορίων.
1346 1009 1577 1055 Praefatio,
1608 1018 1652 1047 et

214 1072 398 1114 capitum
418 1064 694 1112 enumeratio,
722 1079 816 1108 cum
844 1075 937 1106 toto
967 1076 1162 1106 tmemate
1193 1066 1329 1119 primo
1358 1079 1447 1105 non
1477 1074 1575 1103 sunt
1604 1066 1649 1103 in

212 1117 315 1161 MS..
343 1119 417 1175 qui
435 1119 591 1172 incipit
610 1133 632 1158 a
651 1120 837 1162 secundo
859 1131 1078 1165 tmemate:
1107 1121 1242 1177 Ἐρεῖς
1268 1131 1348 1164 etc.
1405 1122 1537 1161 Iuno.

322 1190 431 1239 βιβλ.
462 1185 680 1241 δεύτερον]
719 1187 848 1228 Hunc
864 1188 1016 1228 librum
1036 1189 1264 1229 secundum
1283 1190 1498 1229 luculenta
1521 1201 1651 1241 expo-

214 1240 371 1282 sitione
413 1242 644 1286 illustravit
677 1245 820 1286 Ioaclz.
857 1245 1124 1285 Camerarius·
1145 1245 1190 1284 in
1223 1243 1530 1286 commentariis
1565 1254 1646 1284 utr.

212 1298 396 1351 linguae.
451 1298 557 1339 Inde
579 1308 716 1339 autem
745 1300 947 1353 pauciora
969 1315 1092 1354 quam
1121 1301 1238 1354 prins
1271 1302 1409 1341 faeere
1441 1299 1648 1340 animatus

212 1368 344 1407 eram,
373 1355 588 1407 excerpsi,
621 1370 714 1394 cum
744 1356 843 1411 quia
872 1357 1073 1410 temporis
1102 1356 1251 1410 inopia
1278 1370 1366 1396 non
1391 1355 1520 1406 sivit,
1560 1364 1648 1393 tum

212 1423 313 1449 vero
338 1410 437 1464 quia
457 1424 579 1464 spero
599 1421 795 1464 nepotem
809 1412 1073 1461 illius,tanto
1093 1426 1172 1452 avo
1195 1411 1503 1466 digni3simum,
1522 1411 1649 1449 Goth.

215 1467 565 1518 Iungermannum
580 1466 825 1520 propediem
844 1482 915 1509 eos
937 1468 1075 1508 denuo
1101 1468 1266 1522 publici
1290 1467 1396 1506 iuris
1414 1466 1647 1506 facturum:

213 1520 369 1562 additis
392 1521 773 1575 observationibus,
807 1538 907 1578 quas
925 1526 1122 1563 Esromus
1143 1523 1409 1575 Radingerue
1428 1522 1651 1577 consigna-

212 1577 277 1618 vit
306 1577 359 1616 ad
389 1592 502 1617 oram
535 1578 635 1618 libri
663 1580 751 1630 sui,
792 1595 914 1634 quem
953 1581 1003 1623 V.
1028 1580 1092 1620 Cl.
1133 1580 1353 1632 Philippus
1387 1578 1649 1617 Camerarius

211 1634 420 1686 superiori
440 1648 551 1674 anno
566 1638 623 1683 εἰς
640 1635 784 1690 χρῆσιν
803 1635 856 1676 ad
881 1651 947 1677 me
974 1636 1104 1676 misit.
1162 1635 1271 1675 Nam
1303 1644 1346 1673 et
1374 1633 1476 1673 inde
1504 1633 1648 1674 nescio

211 1703 266 1785 gn
309 1690 534 1744 quicquam
579 1692 763 1731 mutuari
798 1707 898 1746 prae
937 1697 1129 1747 angustia
1176 1690 1379 1745 temporis
1422 1689 1649 1745 potuerim.

242 1760 425 1787 Euenus.

322 1811 489 1863 Ἰούλιος
505 1814 687 1869 Πολυὸ.]
739 1814 791 1853 In
817 1815 942 1854 MSS.
974 1813 1128 1854 absunt
1156 1814 1390 1868 praefatio,
1420 1812 1648 1867 Catalogus

212 1868 397 1922 capitum
414 1879 457 1909 et
474 1869 605 1908 sectio
626 1871 773 1923 prima,
785 1871 831 1909 in
852 1885 934 1925 qua
953 1880 1053 1910 sunt
1071 1869 1302 1927 ἀνθρώπων
1318 1868 1493 1920 ἤλικίαι·
1525 1883 1649 1923 quam

211 1926 314 1966 Ald.
334 1935 376 1964 et
400 1926 513 1966 Flor.
542 1924 635 1965 edd.
667 1936 766 1966 ante
787 1927 1095 1981 praefationem
1123 1928 1294 1968 habent.
1321 1927 1368 1966 in
1397 1926 1511 1979 Aug.
1545 1924 1649 1963 haec

212 1990 277 2020 est
297 1981 546 2034 inscriptio:
578 1986 674 2036 περὶ
693 1981 876 2037 σώματος
893 1981 1125 2038 ἀνθρώπου.
1155 1985 1226 2035 τῆς
1249 1982 1469 2039 ὀνομασίας
1497 1980 1576 2023 τῶν
1605 1981 1649 2022 ἐν

211 2035 319 2092 αὐτῷ’
347 2037 534 2093 φανερῶν
565 2039 632 2080 καὶ
663 2034 830 2091 α’φανῶν
853 2042 1017 2094 μορίων.
1048 2041 1096 2080 Ρ.
1127 2042 1178 2081 R.
1207 2054 1330 2082 vero:
1359 2039 1453 2095 περὶ
1482 2034 1648 2090 ἀνθρώ-

211 2109 289 2137 που
309 2091 393 2136 α’πό
411 2094 573 2136 τοκετοῦ
592 2093 714 2136 αὐτοῦ
731 2097 849 2151 μέχρι
866 2095 1009 2151 γήρως.
1066 2096 1163 2139 SEB.

322 2161 380 2215 τῷ
396 2158 599 2214 περιπάτῳ
621 2163 684 2213 σ.]
738 2164 915 2214 Interpr.
939 2163 1185 2214 familiares
1213 2164 1347 2202 nostri
1371 2163 1478 2200 inte-r
1506 2158 1649 2197 deam-

212 2218 451 2266 bulandum,
483 2216 556 2256 sed
575 2217 721 2257 melius
742 2219 874 2258 fuerit
894 2220 1200 2271 Peripateticos
1219 2216 1503 2269 Philosophus
1526 2215 1648 2252 intel-

212 2273 356 2328 ligere,
388 2281 436 2312 ut
452 2273 525 2327 qui
546 2274 720 2312 Polluci
743 2283 882 2327 partes
910 2274 1098 2314 hominis
1123 2274 1322 2328 plurimas
1353 2271 1646 2314 subiecerunt;

213 2340 255 2370 et
275 2329 428 2382 partim
446 2343 470 2368 e
494 2342 592 2369 suae
623 2338 759 2369 sectae
779 2328 1064 2383 philosophis,
1089 2329 1241 2385 partim
1264 2343 1286 2368 e
1312 2325 1569 2367 medicorum
1589 2324 1651 2362 li-

212 2385 298 2424 bris
328 2384 378 2425 de
395 2384 581 2438 partibus
601 2384 787 2424 hominis
814 2385 948 2424 libros
972 2385 1191 2434 dederunt,
1226 2383 1362 2424 secuti
1391 2381 1648 2436 magistrum,

215 2441 289 2496 qui
310 2441 437 2483 etiam
456 2441 678 2496 scripserat
697 2439 749 2482 de
767 2442 970 2481 Partibus
990 2441 1265 2483 Animalium.
1323 2439 1505 2479 limam.

324 2573 426 2628 μετοῖ
449 2574 521 2627 τήν
546 2576 717 2632 ιπεῖραν]
769 2576 979 2629 Interpres
1019 2574 1212 2615 obscurat
1241 2573 1453 2628 egregium
1490 2569 1647 2609 dictum

213 2632 422 2674 Auctoris.
454 2647 641 2687 quorum,
673 2632 830 2687 inquit,
866 2635 1041 2685 cognicio
1063 2634 1336 2684 experientiae
1360 2628 1547 2678 beneficio
1572 2625 1650 2664 da·
