1682 2956
681 148 718 191 I.
776 153 815 193 8.
1427 149 1480 191 17

19 279 122 315 mua,
155 273 235 305 aut
256 268 394 320 ignem
414 263 693 310 accendimus,
725 263 875 315 altare,
890 276 1070 312 ¹acerra,
1108 262 1153 302 V
1149 270 1262 301 esta:
1293 262 1482 302 nonnulli

19 325 130 362 enim
151 326 214 362 sic
233 325 519 377 appellarunt
579 322 648 360 Sic.-
675 335 777 360 sane
802 322 1022 372 aptissime
1051 320 1197 370 illam,
1229 327 1411 372 quaeest
1432 321 1480 358 in

14 381 246 434 Prytaneo,
278 382 506 430 vocaveris,
536 393 657 431 super
674 393 757 432 qna
779 379 890 431 ignis
907 378 977 416 ille
1004 385 1230 430 perpetuus
1250 376 1393 416 ardere
1411 390 1480 415 so-

15 437 84 481 let.
140 436 360 491 Additque
405 437 606 476 Ovidium
633 449 734 476 vero
775 433 933 474 sent-ire
957 431 996 474 6.
1036 434 1212 475 Pastor.
1251 434 1480 474 Flammam

17 493 151 547 ipsam
179 495 344 534 Vestam
365 494 499 534 fuisse
516 495 769 548 appellatam
792 501 872 531 etc.
905 490 1040 532 Iuno.

125 570 201 627 τήν
231 576 274 640 {v
299 573 548 630 πρυτανείῳ]
608 571 747 611 Aram
785 569 829 609 in
858 572 1068 624 Prytaneo
1107 571 1280 626 proprie
1320 570 1479 614 dixeris

16 631 181 680 ἑστίαν,
236 630 281 669 in
317 645 399 686 qua
430 630 615 686 pervigil
645 628 758 684 ignis
803 627 945 668 alitur.
1001 627 1191 667 Doctiss.
1243 631 1398 670 Meum.
1432 630 1479 670 in

15 688 167 727 Athen.
204 688 335 730 Actio.
377 690 464 730 1.1.
496 701 532 727 c.
562 686 602 728 8.
664 686 883 724 Pollucem
912 693 1038 739 putat
1066 683 1206 725 dicere
1238 686 1297 725 ad
1329 687 1481 728 Venae

19 743 100 798 (ἐφ’
118 743 182 796 ἧς)
202 746 472 785 simulacrum
490 742 643 783 huuc
630 756 770 809 rgnem
793 739 970 781 accendi
990 740 1176 780 solitum.
1226 742 1385 782 Verum
1404 741 1481 784 du·

17 801 111 841 bito
134 816 187 841 au
210 801 312 841 satis
333 816 479 857 graece
500 818 548 845 το
572 802 640 844 ἔπι
666 797 738 850 τῆς
765 800 903 847 ἑστίας
921 796 1136 852 significet
1154 798 1216 837 ad
1236 799 1389 839 Vestae
1414 803 1482 840 si·-

17 856 270 902 mulacrum.
340 858 493 913 Neque
531 857 559 909 ἦ
603 860 644 901 ἔν
674 857 904 911 πρυτανείῳ
934 855 1043 898 ἑστία
1075 855 1249 894 Polluci
1281 866 1345 897 est
1387 857 1481 912 ipsa

21 915 160 967 Vesta,
189 914 264 955 sed
295 914 385 955 eius
419 929 504 965 ara,
537 915 583 954 in
613 928 695 969 qua
726 922 768 953 et
793 912 884 967 ipsa
916 922 1006 952 erat
1039 909 1258 979 dedicata,
1290 923 1334 954 et
1367 913 1481 970 ignis

16 972 212 1026 ἄσβεστος
244 971 429 1014 vivebat.
488 973 543 1013 Et
573 970 679 1011 haec
710 983 780 1010 ara
815 969 938 1009 Vesta
967 966 1264 1026 κυριώτατα
1305 969 1483 1012 diceba-

19 1039 90 1069 tur
107 1032 235 1073 ἑστία.
293 1028 361 1068 Ita
383 1027 610 1082 Olympiae
642 1025 730 1066 fuit
731 1027 1006 1095 Prytaneum
1032 1039 1126 1065 cum
1154 1028 1266 1094 ἑστίᾳ
1289 1030 1357 1068 vel
1379 1028 1481 1069 foco

18 1101 72 1126 ex
106 1087 246 1127 cinere
277 1095 548 1136 constructo,
581 1087 651 1127 καῖ
679 1079 743 1126 ἔπ’
763 1083 891 1159 ἀὐτῆς
911 1084 989 1137 πῦρ
1009 1081 1088 1125 οἴνα
1108 1082 1244 1127 πᾶσάν
1263 1101 1305 1127 τε
1324 1082 1482 1140 ημὲραν

17 1144 87 1188 καὶ
118 1146 163 1187 ἐν
189 1138 304 1196 ποτ’σῃ
331 1161 444 1185 νυκτι
474 1139 669 1191 ωσαύτως
701 1142 872 1184 καίεται.
903 1142 1038 1182 Paua.
1069 1141 1211 1182 Eliae.
1254 1158 1285 1184 1.
1318 1141 1406 1184 vid.
1440 1153 1485 1184 et

18 1201 272 1240 Athenaeus.
331 1199 423 1240 Nec
446 1198 543 1238 aliis
571 1198 776 1239 Graeciae
799 1196 976 1237 urbibus
1010 1196 1241 1238 defuerunt
1267 1199 1483 1252 Prytanea

18 1261 86 1298 vel
111 1257 290 1307 Curiae,
321 1256 367 1296 in
399 1255 555 1310 quibus
588 1256 711 1295 focus
740 1267 904 1308 semper
933 1252 1081 1294 ardens
1101 1263 1203 1294 erat.
1261 1257 1485 1297 Praeterea

19 1314 64 1353 in
91 1313 318 1368 Prytaneis
341 1322 460 1353 erant
496 1314 745 1378 λυχνοκαὶάι,
777 1325 879 1367 quas
905 1310 1081 1350 omnino
1105 1302 1194 1350 ab
1181 1326 1281 1366 1gne
1301 1313 1347 1351 in
1369 1313 1482 1353 focis

18 1385 180 1425 semper
199 1370 304 1410 alito
326 1368 550 1409 distinctas
583 1369 795 1410 existimo.
855 1367 964 1407 Nam
996 1368 1120 1407 focus
1144 1368 1294 1410 ardens
1317 1369 1386 1410 ‹lie
1407 1385 1484 1410 uo.

19 1437 171 1483 cteque
193 1426 274 1467 soli
303 1427 454 1466 Vestae
470 1426 670 1481 proprius
694 1435 796 1466 erat.
856 1424 916 1465 At
932 1422 1075 1479 λύχνος
1094 1421 1292 1478 ασβεστος
1319 1426 1363 1466 in
1397 1426 1483 1468 ho-

19 1499 164 1525 norem
211 1483 391 1523 aliorum
433 1497 605 1538 quoque
634 1483 828 1522 Deorum
862 1481 907 1520 iu
943 1481 1112 1534 templis
1145 1482 1481 1536 appendebatur.

19 1541 180 1582 Certe
169 1556 214 1580 m
240 1542 463 1579 Minervae
485 1541 684 1607 ‚poliadif
714 1536 860 1608 λύχνον
877 1537 1093 1608 ἄσβεστον
1125 1549 1303 1579 noverat
1331 1541 1483 1581 Strabo

20 1602 113 1655 19.
152 1597 299 1651 Geogr.
330 1611 417 1637 non
436 1598 588 1646 ἑστίαν,
616 1594 676 1652 ἐφ’
693 1595 742 1647 ἧς
764 1613 810 1638 το
840 1595 920 1651 πῦρ
952 1593 999 1638 to*
1026 1595 1225 1661 ἄσβεστον
1247 1591 1481 1642 οἷνοῖπτεται.

18 1656 172 1710 Itaque
196 1669 290 1693 cum
310 1656 454 1708 plures
478 1667 572 1694 arae
591 1653 636 1692 in
657 1667 746 1693 uno
768 1654 982 1706 Prytaneo
1004 1661 1159 1703 essent,
1187 1652 1313 1693 simul
1336 1655 1484 1695 Vestae

20 1712 162 1752 focum
186 1709 400 1751 ardentem
419 1720 462 1750 et
489 1696 612 1750 alteri
629 1710 727 1750 Deo
755 1707 895 1764 λύχνον
917 1709 1110 1763 ἄσβεστον
1141 1718 1326 1751 sacratos
1348 1711 1484 1754 fuisso

19 1768 169 1808 mirum
203 1781 292 1834 non
323 1775 398 1806 est.
461 1767 683 1808 Caeterum
718 1766 766 1808 C.
796 1766 848 1809 V.
878 1767 986 1822 legit
1016 1768 1179 1811 καλοῖτο
1198 1783 1222 1818 η
1252 1769 1296 1811 ἐν
1326 1785 1481 1827 πρυτα-

15 1827 109 1881 νείῳ
129 1846 182 1856 -—
203 1822 444 1879 α’νάητομεν.
504 1824 686 1867 liumus.

723 1897 763 1937 8.

104 1961 280 2029 ἐσχάρα
312 1957 357 2004 δ’
384 1962 543 2015 ἰδικως]
600 1961 650 2002 C.
692 1962 745 2003 V.
787 1961 948 2002 omittit
984 1958 1027 2004 δ’
1062 1963 1229 2014 ἰδικῶς,
1280 1966 1478 2036 legendo,

17 2014 170 2075 ἐσχαρα
198 2020 311 2063 δοκεῖ
325 2019 400 2073 μὲν
425 2036 459 2060 ο.
504 2018 679 2058 Scholia
705 2017 906 2058 Graeca’
894 2034 938 2057 m
969 2019 1118 2089 Odys-5.
1154 2020 1213 2060 ita
1236 2021 1287 2062 de
1299 2022 1479 2090 ἐσχάρᾳ;

19 2078 122 2121 ἔνθα
150 2093 194 2119 το
223 2080 305 2147 πῦρ
322 2078 491 2127 καίεται,
522 2073 660 2125 τόπος.
690 2074 778 2117 ἔστι
801 2077 844 2118 δὲ
867 2073 1006 2129 βωμος
1027 2072 1229 2130 ἰσόπεὸος,
1258 2078 1332 2123 οὐκ
1360 2084 1404 2124 ἐκ
1422 2084 1479 2125 Al·

19 2141 111 2177 θων
133 2129 378 2187 ν’ψούμενος.
438 2131 594 2173 Eadem
622 2132 872 2184 Hesychius,
905 2132 990 2171 nisi
1020 2132 1135 2187 quod
1167 2135 1296 2175 foedo
1328 2137 1479 2178 admo-

23 2190 122 2231 dum
143 2189 297 2230 meudo
322 2188 581 2229 deformatus
606 2188 663 2228 sit
690 2189 734 2227 in
761 2202 865 2228 voce
885 2191 1111 2243 φακαραῒα,
1142 2191 1256 2231 unde
1283 2193 1345 2233 Cl.
1377 2196 1479 2235 Sal.-

21 2263 123 2287 mae.
164 2247 268 2287 fecit
294 2247 482 2300 φοκαρία,
523 2244 628 2300 quid
656 2246 693 2284 si
727 2259 779 2284 cx
818 2246 1000 2285 scholiis
1033 2249 1206 2287 Homeri
1234 2250 1476 2305 legendum

21 2306 133 2347 ἑστία
161 2306 333 2360 σιδηροῖ.
363 2301 424 2357 ἐφ’
450 2321 472 2360 η
503 2303 659 2345 καίεται
686 2299 732 2345 zo*
752 2306 844 2356 πῦρ.
887 2302 930 2341 id
952 2302 1067 2356 quod
1087 2313 1129 2343 et
1151 2321 1195 2346 το
1215 2306 1290 2358 πῧο
1312 2306 1482 2349 videtur

22 2363 250 2414 postulare.
301 2348 507 2399 Caetera
495 2375 539 2397 m
563 2358 743 2411 Hesyclz
776 2372 861 2396 non
886 2358 1082 2412 indigent
1103 2362 1380 2414 correctione,
1401 2379 1478 2406 nec

22 2417 259 2473 patiuntur,
291 2425 339 2455 ut
363 2414 437 2459 οὐκ
457 2424 642 2455 mutetur
659 2415 703 2453 in
726 2414 751 2454 o‘
773 2416 827 2456 ἐκ.
871 2415 971 2454 1101
978 2431 1051 2456 mss.

132 2483 165 2526 δ
196 2483 362 2537 ἰδικως]
413 2485 530 2524 Haec
562 2482 716 2522 desunt
748 2482 790 2521 iu
825 2493 971 2532 nostro
1006 2484 1101 2524 MS.
1136 2493 1182 2523 ut
1210 2494 1265 2538 et,
1295 2488 1330 2526 si
1366 2500 1477 2531 recte

22 2540 202 2607 accipio,
235 2541 281 2579 in
316 2541 452 2580 Labb.
492 2540 565 2593 qui
594 2541 678 2607 ἔσχ
709 2540 821 2582 δοκεῖ
844 2541 887 2579 δὲ
920 2539 995 2581 «we
1032 2540 1168 2582 habet.
1200 2552 1243 2581 et
1269 2558 1370 2584 mox
1396 2561 1475 2600 pro

22 2591 278 2651 ω’νομοῖσθαι,
308 2597 403 2637 MS.
435 2606 580 2636 noster
601 2593 890 2650 ὀνομάζεσθαι.
923 2597 1054 2636 lunc.

134 2683 214 2707 των
235 2664 615 2722 περιρῥαντηρίων]
657 2664 695 2703 Α
717 2663 843 2705 MSS.
877 2661 994 2703 abest
1015 2682 1108 2707 των.
1139 2665 1398 2723 insuperque
1430 2672 1475 2712 P.

82 2743 203 2776 mm
243 2743 321 2777 Vol.
349 2745 414 2775 η’.
1172 2734 1206 2772 Β
