1670 2938
84 86 193 129 1034
688 84 740 127 V.
803 89 894 133 153.

187 192 378 248 διακορης
397 198 509 251 εἶμι]
541 197 586 241 A
614 200 718 242 διακ·
747 202 832 254 εἰμι
853 197 989 243 αὐτοῦ.
1019 201 1067 243 P
1096 200 1239 247 αὐτῶν.
1298 205 1398 248 SEB.

188 255 496 309 ἐμπέιιλησμαι]
530 255 702 295 Caetera
729 257 881 296 absunt
902 272 924 296 a
946 258 993 298 C.
1025 258 1074 302 A.
1117 261 1299 301 Humm.

188 313 425 364 προΐσταταί
448 329 520 362 μοι
547 308 845 378 διηγησασθαι]
904 323 992 368 προὶ
981 318 1142 358 'muzal
1160 334 1227 369 μοι
1247 316 1517 372 διηγήσασθαι

77 378 165 406 non
187 376 286 406 sunt
307 367 351 405 in
371 367 494 409 MSS.
528 368 708 409 Salmas.
741 369 810 408 cui
831 369 1028 410 videntur
1049 371 1237 414 delenda.
1267 375 1450 416 Romu.

188 426 427 476 ποοῖσταταί
441 441 512 476 μοι
527 424 826 478 διηγησασθαι]
868 426 966 467 Nov
957 442 1039 466 um
1063 429 1232 468 titulum
1253 445 1275 470 e
1295 431 1424 473 MSto
1444 431 1517 473 hic

76 479 122 518 in
144 488 264 520 textu
287 479 350 520 C1.
381 481 595 521 Kuelznius
612 483 803 535 reposuit
824 485 976 522 talem.-
1006 487 1114 537 11502
1133 484 1426 541 ἅναμφιβόλου.

186 536 487 590 α’ναμφίβολον]
517 538 627 576 Ante
651 536 926 592 α’ναμφίβολον
943 548 1005 578 est
1025 541 1189 591 titulus,
1222 545 1312 596 περὶ
1345 542 1516 598 αμᾳιβό·

73 598 157 644 λου,
191 595 345 632 omisso
366 592 428 635 οἷν.
489 594 682 634 Ceterum
703 609 779 648 pro
800 595 1078 651 α’ναμφίβολον
1099 613 1151 639 ex
1172 600 1432 641 correctione
1451 610 1515 641 est

70 648 355 716 ἀναμφίλογον.
414 650 589 691 KUEnN.

184 705 482 773 οἷναμφίβολον]
520 707 624 747 Post
651 704 925 763 οἷναμφίβολον
956 708 1145 750 additum
1175 726 1198 751 a
1221 712 1286 753 CI.
1319 715 1511 754 Kuehnio

69 761 117 802 in
135 774 257 804 textu
281 761 568 817 αναμφίλογον

179 818 486 874 ἀνενδοίαστον]
535 819 703 860 Absunt
726 835 875 888 usque
915 821 967 861 ad
994 820 1138 876 πάγιον
1167 824 1212 863 in
1241 825 1291 867 C.
1326 824 1379 866 A.
1409 840 1508 866 mox

68 877 232 930 pergit:
262 875 313 919 τοὶ
336 877 378 919 δὲ
405 874 681 945 ἑπιρῤήματα,
709 876 768 920 οἷν.
799 896 836 920 κ.
866 896 914 921 τα
940 896 982 921 π.
1014 878 1057 922 τό
1075 881 1152 922 δὲ’
1131 884 1306 925 ἐναντίον
1324 880 1507 936 ἀμφίβο-

67 938 162 982 λον,
186 931 368 1002 οἷπαγὲς,
395 931 443 976 τό
472 936 513 975 δὲ
544 935 729 989 πρᾶγμα,
768 933 1000 989 α’ντιλογία,
1030 936 1275 990 ἐνδοιασμός.
1305 941 1506 994 ἑπίρῤημα

65 991 109 1031 δὲ
141 987 264 1043 μόνον
294 987 341 1032 τό
372 988 623 1043 οἷμφιβόλως.
655 990 811 1046 ῥήματα
841 994 884 1034 δὲ
913 993 1102 1047 δισταζω,
1136 991 1333 1045 ἕνδοιοῖζω.
1394 996 1506 1038 Cae-

64 1054 153 1086 tera
171 1046 338 1087 absunt.
396 1048 576 1087 Kumm.

174 1157 276 1211 ὑπὲρ
305 1157 353 1202 οὗ
380 1159 431 1202 ἅν
463 1177 522 1208 τις
550 1159 819 1215 διηγήσαιτο.]
871 1162 1042 1203 Titulus
1070 1167 1194 1218 plane
1222 1163 1405 1218 ineptus,
1433 1168 1502 1206 vel

62 1215 185 1256 valde
213 1216 350 1265 fallor.
408 1215 540 1257 Libet
570 1218 776 1270 suspicari
806 1233 894 1258 non
921 1220 1056 1259 fuisse
1083 1219 1251 1260 titulum
1284 1220 1356 1261 sed
1373 1221 1500 1262 verba

62 1281 314 1313 contextus.
356 1281 399 1313 et
429 1273 540 1313 forte
567 1273 624 1311 ita
638 1284 912 1348 consequuta
950 1285 1047 1328 post
1075 1272 1365 1330 απειρόκαλονε
1395 1278 1499 1332 ὑπὲρ

59 1326 109 1370 οὖ
128 1346 192 1378 τις
221 1327 452 1396 διηγήσαιτο
482 1327 566 1371 dno*
589 1330 657 1372 τοῦ
684 1333 876 1379 ἐναντίου,
910 1332 974 1370 uti
1007 1346 1133 1387 segm.
1165 1333 1354 1385 praeced.
1387 1334 1499 1374 dice-

60 1384 133 1425 bat
160 1381 446 1440 διηγήσασθαι.
504 1386 595 1425 Nec
624 1388 762 1440 placet
780 1387 905 1427 etiam
933 1402 1031 1427 mox
1063 1387 1169 1427 illud
1194 1387 1239 1430 w*
1258 1399 1353 1443 post
1372 1392 1496 1464 ἐστιν,

58 1451 101 1481 et
120 1442 263 1481 abesse
291 1445 469 1482 mallem.
501 1441 574 1482 sed
594 1442 818 1496 peritiores
848 1443 952 1485 haec
985 1444 1126 1484 omnia
1155 1446 1423 1499 constituent}
1433 1462 1494 1488 re·

59 1498 182 1541 etius.
240 1498 370 1540 Iuno.

171 1554 272 1609 υπὲρ
293 1554 342 1597 οὖ
358 1571 409 1597 αν
426 1571 485 1602 τις
509 1549 749 1609 διηγήσαιτο.
765 1555 779 1608 ]
818 1555 899 1597 Pro
925 1553 1155 1622 διηγήσαιτο
1183 1557 1246 1597 Cl.
1277 1560 1493 1599 Kuelmius

54 1625 171 1651 meus
206 1610 378 1653 Codicis
409 1611 489 1660 sui,
523 1625 644 1664 quem
666 1627 688 1651 e
709 1613 881 1653 MSStis
905 1613 1106 1662 restituit,
1141 1614 1344 1668 cuiusque
1365 1616 1493 1655 resti-

57 1667 245 1707 tutiones
263 1666 466 1706 hactenus
492 1668 629 1707 secuti
659 1682 801 1707 sumus
833 1668 878 1707 in
899 1668 1195 1720 hacedifione,
1227 1685 1323 1712 orae
1339 1671 1493 1711 adscri-

52 1723 162 1778 psit:
180 1723 221 1776 f
253 1721 492 1766 διστασαιτο.

165 1797 244 1823 απο
266 1783 309 1823 δὲ
328 1784 401 1823 τοῦ
418 1782 545 1823 ἐναντ.
557 1781 572 1833 ]
602 1778 725 1823 1).τό
745 1778 786 1823 δ’
810 1781 987 1823 ἐναντίον
1013 1780 1248 1838 ἀμφίβολον.
1277 1781 1347 1825 α’π.
1379 1781 1424 1827 τό
1446 1785 1491 1828 δὲ

50 1853 215 1892 πραγμα
233 1835 360 1879 οἷντίλ.
417 1837 516 1876 SEB.

162 1893 255 1946 ὅρος
284 1892 535 1947 οἷντίλεκτος]
576 1892 851 1933 scribendum
892 1893 985 1949 ὅρος
1022 1893 1095 1937 οὐκ
1122 1893 1358 1945 α’ντίλεκτος.
1417 1896 1490 1937 sic

49 1963 175 2004 supra
207 1949 318 1990 enim
347 1959 411 1989 est
437 1950 506 1999 ΙΙ,
540 1961 630 1990 120.
660 1949 735 1989 ubi
766 1953 908 1990 locum
947 1952 1200 2006 Thucydidis
1227 1967 1278 1992 ex
1305 1952 1381 1992 lib.
1412 1952 1488 1994 IV.

48 2007 194 2075 Ξυγγρ.
226 2005 367 2046 attuli.
425 2006 554 2045 IUNG.

160 2062 255 2115 ὅρος
274 2060 385 2104 οἷντίλ
389 2062 519 2114 ‹su-cog]
550 2060 805 2101 Addidimus
827 2065 1019 2102 voculam
1041 2062 1113 2107 οὐκ
1133 2074 1228 2103 ante
1247 2061 1486 2117 α’ντῖλεκτος.

51 2118 144 2161 vid.
176 2132 282 2173 quae
303 2118 478 2159 doctiss.
510 2119 715 2170 Iungerm.
752 2127 954 2157 notantur
975 2132 1099 2173 supra
1120 2121 1177 2172 11,
1214 2134 1302 2162 120.

158 2185 414 2253 οἷντίρρησις]
438 2185 553 2224 Idem
575 2195 842 2252 praeceptum
856 2186 1083 2240 Phrynichi
1103 2188 1230 2235 initio
1253 2190 1309 2229 11.
1334 2190 1482 2244 Eclog.

46 2243 283 2298 α’ντῖῤῥησιν
323 2260 378 2296 μη
417 2242 523 2295 λέγε,
575 2237 806 2296 αντιλογιάν
845 2243 902 2285 δέ.
951 2243 1025 2283 ubi
1036 2238 1238 2288 Δῖιιηηεε.
1271 2261 1293 2286 e
1323 2246 1482 2286 Nostro

46 2300 152 2340 haec
175 2298 365 2339 adnotat.
423 2298 550 2338 ΙυΝο.

159 2352 349 2408 Πλατων]
384 2354 445 2393 Ut
462 2354 535 2394 lib.
551 2354 604 2394 X.
625 2354 816 2409 Legum:
856 2357 1044 2407 Τιθῶμεν
1063 2375 1187 2399 ταυτα
1203 2357 1327 2405 οὕτως
1343 2355 1476 2410 ἔχειῆ

45 2432 70 2463 η
93 2411 151 2456 ἔτι
181 2410 408 2464 διστάζομεν
433 2412 472 2452 εἰ
488 2412 630 2461 ἑτέρως
653 2428 736 2459 πως
759 2411 863 2464 ἑχει,·
902 2413 1143 2451 Theaeteto.-
1172 2413 1317 2455 Σκοπῶ
1338 2413 1385 2463 δὴ
1411 2417 1480 2456 καὶ

43 2470 138 2516 νῦν,
170 2468 230 2511 ἔτι
261 2465 468 2516 διστοῖζων,
497 2462 666 2520 πότερον
692 2464 856 2520 ἐάσομεν
876 2485 986 2520 αυτο,
1017 2468 1044 2518 ἦ
1059 2468 1370 2522 ἐπισκεψόμεθα
1402 2471 1479 2512 ἄλ.-

45 2531 114 2570 λον
133 2541 290 2580 τροπον.
322 2533 362 2563 et
387 2537 485 2562 mox
519 2523 621 2565 ibid.
650 2539 744 2564 οταν
778 2534 857 2563 etc.
889 2542 935 2566 ἰο
956 2521 1057 2567 auro*
1079 2526 1152 2575 ἤδη
1175 2527 1231 2582 (VJ
1251 2529 1319 2568 καῖ
1337 2545 1391 2580 μη
1410 2529 1478 2568 δι-

43 2580 175 2638 στάζῃ.
208 2580 431 2634 Sophista:
463 2578 490 2630 ἦ
519 2577 752 2632 δισταζομεν
774 2581 835 2622 ἐτι
864 2599 919 2633 μη
950 2585 1043 2636 περι
1069 2582 1239 2635 ὅσονπερ
1259 2581 1480 2637 ἀντιλέγειν
