1670 2938
191 28 274 69 680
810 25 896 71 JV.
932 67 940 71 ,
954 28 1020 70 50.

303 134 580 190 ύπερτρὲχειν]
642 135 760 176 Mihi
796 150 883 176 non
922 137 1090 178 videtur
1124 148 1279 192 aptum.
1330 139 1469 178 malim
1501 141 1638 193 legere

194 190 438 246 ὖποτρὲχειν.
475 191 607 230 nolim
626 191 764 232 dicere
784 199 885 232 vero'
915 192 966 232 de
995 196 1227 235 mutatione
1256 196 1459 235 facillima
1491 194 1639 234 harum

195 247 494 301 particularum
513 247 616 301 ύπὲρ
638 258 680 288 et
700 243 792 290 v‘no'.
827 248 1006 288 dicerem
1029 251 1138 295 enim
1165 251 1280 305 quod
1308 260 1457 291 'omnes
1485 251 1639 292 sciunt.

194 304 453 358 “Τποτ’ρέχειν
486 304 699 358 'eleganter
727 308 810 343 tale
841 304 942 358 quid
965 307 1164 359 exprimit
1185 321 1276 346 cum
1295 307 1388 346 aliis
1410 307 1495 358 hic,
1527 305 1642 360 quod

199 361 243 400 in
275 359 516 411 subrependi
535 359 662 400 verbo
685 359 978 415 intelligimus.
1011 362 1194 402 saida-⁹.-
1221 362 1451 418 ὖποτρέχω·
1480 367 1643 405 κολακι-

197 415 278 470 803⁵·
301 417 553 471 μετέρχομαι.
596 415 697 469 quid
730 417 903 456 moror?
941 426 1083 457 noster
1119 431 1241 471 supra
1269 419 1359 469 111,
1405 418 1492 460 148.
1532 419 1644 471 ipse:

197 472 459 526 ὑποδραμεῖν,
489 469 537 515 τό
559 472 811 523 κολακεῦσαι,
841 482 884 513 et
912 487 1012 512 mox
1033 487 1160 529 segm.
1190 488 1276 529 seq.
1307 474 1407 515 inde
1427 473 1647 529 ύποδρομή.

204 529 424 568 quenum.

312 583 595 639 ὕπερτρέχειν]
644 584 717 623 ΕΚ
737 584 923 624 Kaelmii
946 583 1096 625 Nostri
1117 583 1278 627 Codice
1298 585 1426 628 habes
1450 587 1534 626 iam
1550 586 1609 629 ὑπ
1633 610 1647 619 ·

148 654 150 656 ·
201 639 350 697 τρέχειν
368 654 445 694 pro
465 640 719 695 ὑπερτρέχειν
738 641 870 694 prior.
898 639 963 682 ed.
1033 655 1038 657 ·
1573 658 1591 670 τ

313 695 579 750 ὑποκεῖσθαι]
626 697 869 744 ὑποκεΐσθαι
893 697 1019 737 etiam
1049 697 1190 736 notari
1221 696 1396 752 dignum
1429 706 1506 752 est.
1543 699 1651 739 acci-

202 751 320 805 pitur
343 752 454 792 enim
481 751 567 803 hic,
600 755 645 791 ni
669 754 808 805 fallor,
839 767 916 807 pro
939 752 1176 793 adulatoria
1194 753 1471 795 subiectione.
1513 754 1649 797 Iunc.

313 817 542 874 θωπεύειν]
595 818 806 872 Palpare,
838 822 1018 874 palpum
1045 820 1268 874 obtrudere,
1304 821 1507 876 blandiri,
1534 823 1670 871 adse-4

204 879 332 927 ctari,
354 877 575 930 focillare.
634 877 806 918 Humum
942 879 945 881 ’

318 932 528 986 ὕπωθέῖν]
587 933 666 972 Pro
697 931 884 978 ὑπωθεῒν
911 931 1134 973 videbatur
1161 933 1272 973 forto
1302 932 1526 988 legendum
1552 933 1656 977 ὑπο-

206 991 303 1031 θεῖν
319 1019 331 1036 ,
364 988 479 1043 quod
501 988 611 1029 idem
639 989 793 1030 fuisset
806 1000 930 1054 atque
954 990 1198 1043 ῦποτρἐχειν.
1213 989 1215 991 ’
1230 988 1304 1028 sed
1323 990 1360 1028 si
1382 990 1443 1029 sic
1465 990 1656 1044 scripsis-

209 1053 284 1098 set,
316 1046 493 1085 fortasse
510 1045 651 1083 statim
675 1043 718 1082 id
737 1059 830 1084 cum
859 1046 944 1084 1llis
974 1048 1101 1098 paulo
1131 1053 1227 1084 ante
1254 1044 1479 1086 iunxisset.
1509 1056 1658 1086 extor-

210 1101 330 1156 queri
363 1099 532 1156 quidem
560 1114 704 1140 sensus
733 1102 896 1155 aliquot
929 1115 1053 1153 posse
1085 1100 1214 1141 video
1237 1115 1290 1141 ex
1310 1100 1511 1152 ΰπωθεῖν,
1544 1100 1657 1158 quod

210 1160 430 1211 vulgatur,
469 1155 543 1195 sed
586 1156 695 1194 nulli
730 1156 838 1195 mihi
870 1159 1052 1210 placent.
1112 1156 1333 1212 Quicquid
1356 1157 1427 1206 sit,
1458 1156 1659 1197 audacius

209 1215 337 1255 semel
351 1216 449 1252 loco
471 1210 627 1252 mederi
652 1212 849 1253 conabor.
898 1215 994 1266 lego
1015 1211 1310 1255 ὐποθωπεὺειν.
1337 1213 1510 1254 verbum
1529 1217 1659 1253 Hero-

212 1268 297 1307 doti
335 1277 379 1309 et
403 1268 703 1321 Aristophanis
733 1267 984 1309 auctoritate
1025 1267 1203 1322 dignum
1235 1268 1294 1307 ut'
1315 1279 1360 1309 et
1389 1269 1463 1310 hic
1481 1272 1659 1326 legatur.

211 1325 445 1366 IUNGERM.

324 1380 529 1434 ΰπωθεῖν]
579 1379 630 1419 In
649 1378 821 1423 ὑποθεῖν
840 1379 1022 1420 mutavit
1038 1380 1253 1420 Kuehntue
1270 1379 1444 1423 Noster.

325 1501 627 1560 παράκρουσις]
654 1502 773 1544 Infra
796 1502 842 1543 id
860 1449 1072 1556 inge-nbat
1091 1512 1139 1543 ut
1154 1505 1287 1558 βίαιον
1312 1501 1516 1553 ῙΧ.’,154.
1534 1504 1665 1548 Imm.

326 1572 558 1626 σοφιστεία]
613 1570 746 1626 Supra
779 1572 968 1625 σοφιστία
995 1570 1072 1621 IV,
1105 1569 1174 1613 42.
1230 1571 1359 1614 Iuno.

904 1641 973 1682 51.

329 1691 777 1748 καταπεπυκασμένως]
826 1693 885 1732 Et
904 1693 988 1733 hoc
1007 1693 1162 1732 frustra
1182 1691 1297 1746 apud
1317 1693 1668 1750 Lexicographos

221 1752 426 1808 inquiras.
457 1750 628 1792 videtur
665 1763 764 1789 vero
796 1749 1039 1803 significare
1059 1749 1306 1802 percallide,
1342 1753 1411 1790 vel
1432 1751 1670 1792 „subcallide

222 1811 292 1848 vel*
308 1809 455 1862 potius
477 1807 643 1859 occulte,
676 1804 886 1855 insidiose,
919 1813 1033 1846 tecte.
1093 1805 1163 1846 Sic
1188 1805 1301 1845 enim
1327 1806 1561 1860 Hesychius
1587 1822 1670 1848 no-

223 1874 309 1958 }ter
338 1864 389 1904 de
413 1862 612 1918 simplici,
640 1863 940 1916 πεπυκασμένα,
969 1863 1258 1916 ἐσκεπασμένα,
1286 1865 1669 1919 περικεκαλυμμὲνα.

250 1935 456 1960 UNGERM.

332 1973 661 2027 ὑποπεπτωκαῖς]
727 1971 1019 2025 ὕποπεπτωκάῗς
1074 1974 1201 2014 etiam
1257 1972 1503 2015 mendosum
1555 1985 1669 2032 puto.

223 2031 363 2072 scribo
382 2028 735 2079 ὖποπεπτωκότως.
794 2030 864 2069 Sic
885 2032 998 2071 enim
1017 2032 1195 2071 formam
1215 2028 1286 2072 τοῦ
1311 2028 1580 2086 ἕπιῤῥῆματος
1601 2031 1670 2073 ob.

172 2130 174 2132 ,
226 2088 394 2129 tinebit.
435 2087 610 2141 respicit
636 2096 776 2126 autem
804 2085 855 2125 ad
886 2087 1059 2132 verbum
1087 2087 1323 2130 ὕποπίπτειν
1353 2100 1479 2141 supra
1505 2089 1580 2140 1V‚·
1604 2087 1670 2145 49.-

226 2144 288 2185 sic
319 2158 445 2198 supra
473 2140 822 2191 α’ναπεπτωκότως
851 2143 934 2194 ΙΙΙ,
973 2141 1063 2183 125.
1121 2143 1248 2183 Iuno.
1603 2144 1606 2147 ’

338 2210 664 2265 ὑποπεπτωκῶς]
700 2204 1044 2259 ῠιιοπεπτωκότως
1067 2211 1284 2250 Kuelmius
1305 2208 1464 2250 Noster
1489 2209 1670 2266 corrigit

927 2268 994 2309 52.

344 2327 438 2381 περὶ
454 2323 655 2376 ποιηταΐν]
709 2321 757 2361 C.
788 2321 834 2362 A.
874 2321 1056 2371 ποιητοῦ.
1113 2321 1286 2361 Rumam.

344 2394 439 2449 περὶ
463 2389 672 2445 ποιητῶν]
722 2388 865 2427 Huius
894 2388 1045 2441 capitis
1071 2388 1168 2430 VII.
1203 2388 1355 2427 titulus
1388 2385 1434 2425 in
1460 2385 1554 2430 MS.
1583 2386 1670 2427 hic:

233 2451 325 2504 περῖ
352 2449 529 2499 ποιητοῦ,
559 2443 804 2501 ποιημάτων,
835 2447 904 2486 καὶ
929 2444 1005 2486 τῶν
1035 2447 1128 2499 περὶ
1160 2439 1268 2485 αὐτά.
1326 2444 1377 2482 In
1409 2442 1670 2497 sequentibu:

235 2521 338 2546 vero
366 2508 495 2545 multa
515 2511 736 2545 occurrent
757 2510 967 2553 corrupta,
989 2509 1032 2539 et
1051 2514 1228 2554 quorum
1247 2499 1462 2539 restitutio
1487 2501 1554 2539 vel
1569 2497 1670 2553 peri·
