1682 2956
122 152 177 193 28
773 145 808 184 I.
871 147 933 188 19.

232 257 537 315 πυθόχρηστον]
567 258 663 298 Hoc
681 256 934 297 vocabulum
962 253 1230 295 retinendum
1264 253 1382 293 fuit·
1367 264 1412 292 m
1433 251 1562 293 Lati-

123 332 178 358 na
199 318 414 367 versione,
447 330 531 356 non
562 314 674 354 enim
705 322 791 362 est,
827 326 913 366 quo
934 311 1071 365 possit
1091 311 1193 350 satis
1219 310 1411 364 exprimi.
1443 316 1561 362 θεμι-

125 372 275 418 στεύειν
307 373 431 413 etiam
463 370 666 425 peculiari
697 383 802 409 voce
836 366 1057 408 dicebatur
1078 368 1272 406 Phoebus
1296 370 1363 407 vel
1380 366 1559 421 Pythia,

125 445 219 471 cum
254 433 420 471 oracula
455 427 617 467 edebat.
646 428 798 482 θεωροι
829 426 962 478 legati
987 423 1041 463 ad
1071 427 1286 464 oraculum
1308 425 1378 464 vel
1400 437 1559 463 consu-

122 486 241 527 lendi
263 489 325 526 vel
359 482 623 524 sacrificandi
649 486 717 523 vel
741 482 967 535 utriusque
990 495 1114 520 causa
1131 480 1265 521 missi.
1324 478 1407 521 Via
1429 493 1561 528 sacra,

125 557 208 597 qua
237 543 356 582 ibant
384 540 433 582 ad
464 542 677 579 oraculum
705 552 839 592 aeque
871 552 919 578 ao
949 537 1100 585 navis,
1130 551 1211 591 qua
1245 535 1393 576 eodem
1426 534 1561 579 vehe-

122 598 297 648 bantur,
328 600 478 654 θεωρις
516 596 640 636 dicta.
680 593 864 651 θεωρους
896 608 1068 649 quoque
1099 591 1359 650 θεοπρόπους
1387 600 1558 634 vocant.

121 653 299 695 Kvmm.

229 712 406 766 θεωροί]
436 710 676 755 Dicuntur,
717 717 765 747 ut
798 706 1066 746 Phavorinus
1100 705 1269 760 inquit,
1311 720 1400 745 non
1428 703 1557 744 modo

119 777 402 820 spectatores,
432 766 504 807 sed
531 775 572 806 et
590 764 647 812 ii,
678 765 751 819 qui
775 764 828 804 ad
850 763 1093 803 divinorum
1117 766 1384 802 oraculorum
1414 761 1558 815 inqui·

119 825 317 864 sitionem
355 824 609 872 mittuntur,
650 831 725 860 aut
761 835 898 860 rerum
932 819 1170 861 divinarum
1199 833 1341 860 curam
1387 826 1554 874 gerunt.

117 881 330 921 GUALTH.
363 879 447 920 vid.
478 880 589 919 infra
608 878 668 928 ΙΙ,
700 876 766 919 64.

228 1003 298 1048 τόν
324 1006 366 1047 δὲ
390 1003 542 1059 χρῶντα
572 1003 685 1055 etc.]
718 1001 768 1042 C·
795 1002 847 1042 V.
876 1001 899 1044 ό
923 1001 967 1044 δὲ
994 1001 1130 1058 χρῶν,
1160 997 1383 1059 προφήτης.
1413 996 1554 1055 μάντις

115 1070 194 1103 etc.
251 1062 428 1101 Knmm.

227 1118 435 1169 καλέσοις]
465 1118 511 1156 Ρ.
540 1116 592 1156 V.
622 1114 820 1164 καλέσαις.
878 1113 978 1153 Snn.

226 1175 438 1228 καλέσοις]
468 1174 550 1213 Pro
570 1174 748 1220 καλέσοις
769 1169 927 1211 rectius
951 1185 1007 1211 ex
1032 1169 1081 1211 C.
1112 1170 1164 1211 A·
1194 1170 1382 1223 καλέσαις
1408 1174 1551 1228 legeu-

114 1231 225 1272 dum.
283 1233 462 1270 Rumm.

224 1286 293 1332 τᾶν
311 1282 553 1341 θεσπιῳὸον.
562 1287 577 1339 ]
608 1285 966 1337 Falckenburgius
987 1284 1093 1340 legit
1112 1285 1137 1328 ὁ
1153 1282 1392 1342 θεσπιῳὸός
1425 1294 1468 1327 et
1486 1285 1546 1327 ita

115 1359 284 1400 quoque
303 1343 471 1384 videtur
490 1344 643 1397 legisse
665 1343 880 1393 Interpres.

225 1401 333 1458 ἔχοις
363 1398 403 1442 δ’
430 1416 480 1441 αν
510 1400 622 1452 etc.]
665 1398 712 1439 C.
742 1397 795 1439 V.
824 1400 951 1446 ειήοις
977 1392 1020 1440 δ’
1051 1397 1102 1440 ἀν
1140 1397 1214 1442 ἐπ’
1241 1399 1364 1452 ἄλλης
1394 1400 1542 1456 χρείας.

111 1456 205 1510 ἧκεν
236 1459 420 1526 μαντεῖον
448 1458 490 1499 ἐκ
515 1457 630 1500 θεοῦ.
659 1454 687 1507 η’
715 1452 852 1509 φήμη,
879 1453 1097 1524 μάντευμα.
1126 1474 1152 1506 η
1186 1454 1342 1524 λόγιον,
1371 1460 1441 1500 και
1466 1457 1546 1508 ἐξέ-

113 1531 210 1558 mos
248 1509 431 1570 χρησμός.
469 1512 629 1568 ἠνέχθη.
670 1510 830 1554 ἀνεῖπεν
865 1510 890 1554 0‘
917 1509 1029 1562 θεός.
1072 1510 1227 1556 ἀνεῖλεν
1266 1512 1545 1582 ἀνεφθέγξατο

111 1571 252 1626 μέτρῳ.
283 1572 330 1611 G.
358 1570 412 1609 A.
448 1583 535 1608 non
558 1568 700 1608 differt
720 1583 743 1607 a
768 1571 965 1624 vulgato,
997 1568 1084 1609 nisi
1104 1569 1220 1625 quod
1240 1570 1424 1621 omittit,
1451 1570 1544 1614 οἷνε-

110 1631 310 1683 φθέγξατο
328 1625 523 1698 vieti-rome
579 1626 759 1665 Kumm.

219 1685 290 1736 ἧκε
309 1682 515 1737 μάντευμα
538 1684 583 1725 ἔκ
599 1682 731 1734 θεοῦ]
761 1681 808 1721 P
838 1681 893 1725 V.
921 1679 1015 1733 ἧκεν
1034 1684 1078 1726 ἐκ
1098 1681 1205 1725 θεοῦ
1221 1681 1339 1739 μα’ντ.
1397 1685 1496 1725 Sms.

222 1739 438 1795 [ἀμέτρως.
471 1737 576 1778 Cod.
604 1739 707 1778 Vos
735 1737 876 1792 μέτρῳ.
901 1739 1021 1794 Lego
1051 1740 1266 1794 supi-wmg
1299 1740 1415 1780 Illud
1446 1740 1540 1794 οἷμὲ.
1579 1757 1581 1763 ·

109 1813 210 1852 τροις
230 1798 445 1850 ineptum:
474 1808 611 1850 neque
634 1794 745 1835 enim
761 1808 883 1848 prosa
905 1795 1099 1836 oratione
1126 1796 1336 1837 dabantur
1355 1801 1538 1842 oracula.

108 1855 247 1894 Tour.
251 1854 271 1906 ]

218 1912 261 1953 ἐν
280 1908 474 1963 ἑξαμέτρῳ
491 1906 618 2004 τόνῳΟ]
648 1906 699 1947 Α.
732 1909 773 1950 ἐν
786 1907 970 1975 ἐμμέτρῳ
992 1906 1107 1962 τόνῳ.
1168 1910 1266 1949 San.

218 1982 262 2008 το
289 1965 618 2018 θεομαντεῖν](]
622 1963 720 2003 .A·
751 1962 795 2005 τό
809 1968 1037 2018 θεομανεῖν.
1066 1968 1312 2009 θεοκλυτεῖν.
1343 1967 1538 2024 adeoque

109 2031 222 2063 recte
241 2020 435 2073 repudiat
457 2035 600 2060 vocem
621 2019 749 2059 nihili
772 2025 1022 2070 θεομαντεῖν.
1082 2023 1263 2062 limum.

216 2076 462 2136 θεόληπτος]
494 2076 1029 2130 Correptitius.11unm».

777 2138 843 2177 20.

217 2192 309 2244 περῖ
333 2191 411 2231 τῶν
428 2187 549 2238 θεους
569 2207 604 2231 v.
617 2190 636 2242 ]
668 2189 791 2228 MSS
823 2190 932 2230 hanc
952 2192 1183 2232 sectionem
1207 2207 1300 2232 cum
1326 2206 1415 2246 seq.
1435 2207 1532 2232 con-

105 2247 290 2319 iungunt
317 2247 391 2286 tali
410 2247 560 2286 titulo:
591 2249 681 2299 περὶ
703 2243 887 2300 εὐσεβοῦς
925 2251 993 2291 καὶ
1015 2244 1206 2302 α’σεβοῧς,
1235 2247 1437 2302 εὐσεβείας
1465 2251 1534 2291 καὶ

105 2301 306 2358 ἀσεβείας
361 2304 523 2344 Recens
559 2312 697 2342 tamen
727 2304 829 2346 Pal.
867 2304 1017 2358 partic.
1056 2308 1124 2348 καὶ
1153 2304 1383 2359 utrobique
1409 2305 1533 2346 omit·

104 2359 173 2400 tit.
229 2359 325 2400 Snn.

213 2418 306 2468 περὶ
319 2415 399 2472 τοῖν
423 2413 548 2480 θεοὺς
567 2433 599 2458 y.
609 2416 628 2469 ]
659 2415 961 2470 Inscriptiones
988 2418 1211 2458 titulorum
1233 2416 1363 2456 huius
1385 2426 1429 2456 et
1460 2430 1533 2456 se-

105 2471 273 2538 quentis
312 2469 533 2518 sectionis,
573 2472 797 2528 coniungit
825 2472 868 2511 in
901 2488 1030 2512 unum
1053 2474 1099 2517 C.
1133 2474 1184 2514 V.
1215 2473 1302 2512 ita:
1343 2474 1436 2526 περὶ
1468 2488 1531 2515 ευ·

103 2527 243 2583 σεβων,
267 2525 436 2595 ἀσεβῶν.
492 2529 671 2571 Horum.

212 2578 402 2635 εὐσεβής]
433 2585 558 2624 Hunc
589 2587 726 2623 locum
766 2584 973 2639 integrum
1011 2586 1236 2640 exscripsit
1272 2585 1529 2626 Phavorinus

104 2639 148 2680 in
161 2636 343 2694 εὐσεβής.
372 2639 446 2678 ubi
469 2639 680 2693 φιλοθύτις
703 2654 778 2694 per
798 2658 813 2682 ι
831 2644 936 2681 male
963 2643 1177 2684 scribitur.
1208 2640 1295 2684 vid.
1329 2641 1529 2695 Cyrillum
