1670 2938
637 84 714 127 IV.
776 88 869 130 118.
1390 88 1470 132 782

31 198 147 241 vatio
169 207 235 241 est
253 197 369 241 vocis
386 200 517 250 ἰξαλῆ.
545 199 678 251 ἴξαλος
712 206 775 240 est
793 197 950 251 hircus,
978 197 1108 250 ι’ξαλῆ,
1139 205 1190 239 ut
1209 198 1317 255 αἰγῆ,
1344 199 1470 254 pellis

27 255 220 307 hircina,
258 254 349 295 sive
375 258 527 304 τελείας
557 253 696 308 αἶγός,
733 255 857 294 aiunt
894 255 1168 310 grammatici.
1225 255 1308 296 Sed
1341 258 1471 312 vulgo

29 309 174 363 ἰσᾶλην
194 310 407 357 dicebant.
439 321 487 351 ut
508 322 685 352 testatur
704 312 1006 363 Aristophanis
1028 311 1292 355 Scholiastes.
1321 322 1471 366 estque

26 367 132 409 haec
157 367 342 408 nominis
369 367 494 408 istius
527 367 775 422 depravatio
798 366 904 408 adeo
930 367 1120 423 antiqua,
1149 378 1197 409 ut
1219 367 1330 423 apud
1349 371 1472 421 Hip-

22 433 237 479 pocratem
261 423 307 463 in
327 422 438 464 libro
463 426 555 476 περὶ
585 423 722 480 ἀγμῶν
742 434 962 476 utramque
992 425 1239 478 scripturam
1268 434 1472 480 agnoscat

34 480 233 520 Galenus.
291 479 338 522 Si
361 480 432 520 cui
461 484 633 536 vulgata
659 480 789 521 lectio
807 481 1001 520 Pollucis
1027 482 1186 534 placet,
1216 481 1472 522 auctoritate

15 535 307 577 villustrissimi
336 546 464 590 atque
487 537 532 576 in
564 537 679 577 omni
704 551 855 592 genere
875 536 1131 577 eruditionis
1147 536 1472 578 eminentissimi

25 592 111 633 viri
147 594 255 633 Iulii
288 594 480 633 Caesaris
511 593 725 647 Scala‘geri
752 607 841 633 eam
875 593 986 633 tueri
1012 593 1196 648 poterit,
1229 594 1306 649 qui
1336 590 1473 645 ἱζᾶνην

25 658 151 704 putat
170 648 326 689 dictam
353 647 466 701 παρά
485 647 531 692 τό
553 647 697 699 ἱζάνειν
719 648 962 692 subsidere:
1000 649 1098 703 quia
1125 650 1219 692 siue
1237 650 1355 707 rugis
1380 659 1471 691 tota

27 704 240 746 assidebat
260 706 431 760 corpori
453 715 582 761 atque
601 705 933 748 adhaerescebat.
989 707 1089 747 San.

139 771 302 827 ι’ζοὶνην]
355 772 502 815 MSSti
547 771 699 826 ἰξᾰλην.
741 771 917 813 Scholia
952 772 1225 827 Aristophan.
1272 787 1369 831 pag.
1406 772 1473 817 65.

26 827 170 881 ἶσᾶλην
198 831 440 870 ΒοοΙιανειιε
472 828 637 870 derivat
658 845 682 870 a
704 829 879 882 Syriaco
913 841 989 870 mv
1021 845 1167 883 capra.
1204 832 1393 885 Scaliger
1418 830 1471 871 ab

26 885 177 936 ἱζάνειν
204 887 423 936 subsidere,
454 885 570 940 quod
601 887 694 927 sine
720 886 836 941 rugis
855 885 1055 927 assideret
1071 888 1253 942 corpori.
1293 888 1471 928 casaub.

26 953 173 1039 {zenset
210 941 435 999 legendum
474 938 588 995 ἰζοῖλη
628 944 698 984 vel
731 941 848 994 ἰσάλη
886 956 978 998 cap.
1005 954 1043 987 2.
1074 941 1126 984 de
1158 944 1297 1000 Satyr.
1326 946 1472 991 Ροέεἰ.

71 1011 206 1040 unua.

139 1053 307 1108 ι’ζᾰνην]
337 1054 387 1095 In
410 1051 521 1104 ι’ζᾶυη
544 1050 628 1094 viri
650 1052 767 1095 docti
789 1064 993 1105 errarunt,
1024 1053 1150 1097 credo
1171 1069 1318 1097 vocem
1337 1055 1472 1111 expli-

0 1146 2 1151 .
26 1125 122 1152 care
151 1112 318 1161 conati,
354 1111 540 1167 vulgatis
572 1109 785 1151 mendosis
815 1110 925 1153 nixi.
954 1110 1048 1155 MS.
1077 1112 1189 1153 enim
1226 1122 1370 1154 noster
1402 1128 1473 1154 re-

26 1168 216 1209 ctissime
250 1167 378 1208 habet
411 1166 551 1219 ἰξοῖλην
583 1164 758 1211 ἐκάλουν.
797 1165 934 1220 ι’ξάλην
966 1182 1064 1209 vero
1093 1169 1165 1220 τῆς
1192 1167 1329 1221 ἰξάλου
1357 1167 1474 1225 αἰγός

26 1223 156 1279 δέρμα
181 1225 312 1276 εἶναι,
345 1223 460 1278 quod
489 1237 575 1263 non
599 1222 741 1263 minus
768 1224 932 1280 petulci
964 1225 1034 1264 illi
1065 1222 1211 1278 Satyri
1236 1225 1471 1281 gestabant,

26 1281 196 1335 prolixe
223 1279 373 1321 docuit
413 1280 585 1319 Foesius
619 1278 779 1320 Oecon.
809 1280 943 1333 Hipp.
985 1281 1313 1334 Eustatlciu'sque
1341 1280 1473 1323 tradit

27 1337 158 1376 scribi
179 1336 345 1389 ι’ξαλῆν,
376 1346 426 1376 ut
446 1336 529 1376 alia
547 1336 664 1376 talia.
694 1335 923 1378 Eruditiss.
959 1337 1222 1377 casaubonus
1241 1337 1318 1378 lib.
1350 1338 1388 1379 Ῑ.
1420 1338 1472 1379 de

25 1394 150 1436 Poe‘s.
191 1395 327 1447 Satyr.
367 1406 459 1447 cap.
489 1393 528 1434 4.
558 1406 636 1446 pro
670 1395 843 1447 vulgato
875 1396 1037 1433 mavult
1068 1391 1200 1445 ἰζοέλη,
1241 1396 1307 1434 vel
1335 1391 1471 1446 ι’σᾶλη,

27 1462 151 1504 quem
180 1448 292 1493 vide.
338 1449 399 1490 ait
429 1459 567 1489 tamen
599 1451 811 1502 vulgatam
835 1449 917 1488 niti
936 1463 1062 1503 posse
1079 1449 1370 1491 illustrissimo
1388 1452 1472 1492 lut.

25 1507 264 1558 Scaliger-0,
296 1519 421 1560 quem
439 1519 479 1545 v.
510 1505 546 1544 Ι.
574 1505 739 1549 Poene.
796 1504 927 1545 Iunc.

128 1562 342 1614 indicum]
374 1562 424 1601 In
450 1561 497 1604 C.
515 1561 568 1602 A.
599 1562 716 1600 nulla
733 1558 851 1601 adest
870 1559 1093 1602 distinctio
1110 1562 1358 1604 commatice
1377 1572 1476 1619 post

23 1615 205 1663 Invitam.
264 1618 446 1658 Ruunt«.

139 1677 210 1719 καὶ
231 1674 427 1728 vvurtin]
467 1673 536 1715 καὶ
556 1673 684 1729 teari?
706 1686 783 1727 pro
810 1673 960 1728 τραγῆν
977 1674 1170 1728 reposuit
1194 1675 1419 1716 Kuehnius.

139 1732 212 1774 καί
229 1747 308 1773 που
324 1732 393 1772 καὶ
419 1730 496 1783 m]
539 1730 721 1770 Caaeaub.
752 1729 930 1770 iterum:
962 1728 1078 1770 deest
1105 1731 1267 1787 aliquid
1290 1732 1343 1778 in:
1364 1733 1474 1774 istis.

28 1800 108 1828 nos
126 1786 331 1828 vertimus
351 1786 580 1837 (interdum
598 1794 637 1825 ec
655 1786 930 1838 pardalineam
950 1788 1130 1826 textilem
1148 1789 1322 1841 gerunt)
1353 1789 1474 1843 quasi

28 1843 335 1884 desideraretur
364 1841 536 1882 verbum
565 1839 763 1895 ἐφόρουν,
792 1851 835 1883 et
861 1841 1097 1884 Pantherae
1117 1847 1267 1898 pellem
1289 1843 1477 1900 ὑφασμέ-

27 1918 104 1951 νην
125 1899 365 1952 accepimus
389 1898 441 1939 de
462 1901 572 1952 pelle
589 1900 785 1939 liciorum
815 1899 1018 1939 varietate
1048 1898 1250 1940 distincta
1271 1899 1323 1940 ad
1343 1901 1478 1942 instar

28 1955 333 2012 pantherinae,
365 1969 490 2009 opera
512 1955 694 1995 textoris
717 1955 1002 2007 Polymitarii.
1061 1955 1173 2010 Quia
1200 1956 1312 1998 enim
1338 1972 1476 1998 veram

28 2027 114 2054 non
135 2011 359 2059 habebant,
385 2010 500 2066 quod
525 2010 568 2050 in
593 2011 769 2052 Graecia
791 2011 876 2051 illis
898 2012 1158 2062 temporibus
1178 2011 1352 2053 difficile
1375 2024 1477 2066 erat,

29 2079 117 2109 arte
151 2068 305 2123 pictam
338 2068 431 2108 eius
461 2070 558 2107 loco
589 2065 917 2109 substituebant.
976 2066 1172 2110 Fortasse
1202 2078 1339 2110 tamen
1363 2071 1476 2111 scri-

29 2123 212 2224 gendum
232 2127 304 2168 καί
323 2141 402 2169 που
425 2125 495 2167 καὶ
514 2125 722 2180 παρδαλῆν
744 2122 1034 2180 ἠμφιασμὲνοι,
1064 2139 1215 2181 nempe
1235 2123 1476 2183 εἰσάγονται.

61 2195 247 2222 ananus.

140 2237 349 2289 παρδαλῆν
364 2234 623 2292 ὑφασμένην]
659 2235 708 2276 C.
739 2235 791 2278 A.
820 2236 1006 2293 παρδαλῆ
1026 2236 1248 2291 &metopium
1312 2238 1477 2279 Camu-

30 2294 162 2334 bemu
194 2293 298 2334 haec
328 2294 453 2334 verbs
484 2295 544 2334 ita
577 2293 720 2340 vertit,
751 2295 873 2348 quasi
901 2293 1075 2350 ἐφόρουν
1098 2293 1230 2346 desit,
1259 2303 1302 2334 et
1324 2299 1473 2349 pellem

29 2349 266 2391 Pantherae
290 2351 500 2404 explicat,
528 2349 700 2402 depelle
721 2350 914 2390 liciorum
938 2355 1141 2390 varietate
1167 2350 1392 2401 distincta,
1421 2353 1479 2391 ad

31 2409 170 2446 instar
200 2406 499 2459 pantherinae,
546 2421 669 2459 opera
699 2409 872 2446 textoris
911 2407 1202 2459 I’olymitarii:
1232 2406 1330 2461 quia
1364 2409 1475 2447 enim

31 2475 170 2502 veram
202 2476 288 2502 non
321 2460 555 2513 habebant,
589 2459 703 2518 quod
727 2462 770 2502 in
792 2463 966 2503 Graecia
991 2462 1075 2501 illis
1100 2461 1360 2515 temporibus
1385 2462 1477 2504 dis-

30 2516 143 2614 ficillp
171 2527 283 2570 erat,
313 2527 400 2561 arte
426 2520 582 2575 pictam
613 2519 705 2561 eius
729 2521 827 2561 loco
855 2516 1182 2560 substituebant.
1224 2515 1327 2560 haec
1356 2519 1428 2562 ille
1449 2524 1474 2567 1.

32 2587 68 2615 c.
143 2587 280 2618 uenti.
