1690 2944
236 64 317 104 398
851 62 910 102 11.
979 67 1071 108 109.

348 173 698 225 καταγλωττίζειν]
729 173 933 212 Suavium
956 174 1088 229 (dare)
1111 176 1363 217 blandientis
1381 179 1558 234 appulsu
1586 179 1669 218 lin-

234 243 346 281 guae
380 230 606 279 mellitam;
644 239 693 268 ut
726 229 798 271 lib.
829 229 902 269 VI.
932 233 1206 285 Metamorph.
1244 234 1449 287 exprimit
1479 233 1667 275 Madau-

236 285 369 324 tensis
397 285 648 323 Graecorum
671 283 1009 340 καταγλώττισμα.
1040 290 1217 341 ΗεεγοΙι.
1247 285 1522 343 κατάγλυπτον
1539 289 1668 330 habet

235 344 342 380 male
363 354 440 393 pro
460 336 739 394 κατάγλωττον.
767 340 855 381 vid.
885 344 1069 395 Eelogas
1093 345 1276 385 Thomae.
1331 348 1510 386 Kumm.

343 397 414 438 καὶ
431 396 846 452 καταγλωττισμένον]
879 398 980 438 Non
999 408 1063 438 est
1082 400 1127 438 in
1147 400 1196 443 C.
1224 400 1275 440 A.
1333 401 1500 442 Kumm.

343 466 414 506 καῖ
438 465 852 518 καταγλωττισμένον]
889 466 1060 506 Desunt
1088 470 1155 511 καὶ
1180 469 1592 522 καταγλωττισμένον,
1622 467 1668 506 in

235 520 327 561 MS.
361 533 467 574 quae
495 523 623 575 vulgo
657 521 782 560 etiam
821 520 1017 576 c‘orrupta
1050 533 1155 576 puto
1187 534 1230 564 et
1264 523 1528 564 scribendum
1556 540 1669 566 κατε·

233 576 558 631 γλωττισμένων,
595 584 644 615 ut
676 577 745 616 avi
781 575 941 618 Comm.
972 592 1059 632 cap.
1089 577 1183 621 518.
1217 579 1384 622 habent.
1438 579 1530 620 Nec
1557 579 1670 620 enim

234 633 356 673 aliter
374 632 549 671 invenio
574 633 619 671 in
642 628 1067 688 Θεσμοφοριαζούσαις,
1096 634 1193 674 dum
1214 650 1412 691 percurro
1431 635 1514 675 hoe
1535 636 1668 689 δρᾶμα

231 689 538 740 Aristophanis.
597 688 668 727 Sic
699 689 812 729 enim
835 689 898 728 ibi
920 692 1157 744 plusculum
1190 691 1241 731 ab
1263 692 1422 734 initio=
1449 686 1504 742 οἷς
1519 687 1597 743 ἧδύ
1621 689 1670 734 w=

203 762 211 767 ·
231 745 351 799 μέλος
369 754 447 787 etc.

399 802 470 843 καὶ
495 801 783 856 θηλυδριῶδες,
811 804 881 845 καὶ
907 803 1299 858 κατεγλωττισμένον.

231 859 291 899 Et
309 857 412 899 alibi
432 859 830 913 κατεγλωττισμένην.
857 858 903 897 in
924 859 1182 913 Equitibus:

772 914 876 957 ὥστε
904 917 995 956 ’νυνὶ
1027 913 1183 968 (πόλιν)

397 968 479 1014 ’ὑπό
507 966 581 1012 τοῦ
605 968 835 1023 μονωτάτου
863 973 1243 1026 κατεγλωττισμένην
1271 971 1442 1027 σιωπᾷν.
1470 971 1600 1015 Iuno.

321 1064 323 1066 -
341 1038 651 1092 παλίγγλωσσον]
691 1037 818 1078 Abest
836 1053 860 1077 a
879 1041 1176 1093 παλίγγλωσσον
1196 1036 1297 1083 πάλι
1314 1039 1360 1079 in
1381 1039 1428 1080 C.
1447 1039 1497 1082 A.
1527 1049 1571 1080 et
1588 1053 1665 1094 pro

231 1091 304 1138 τόν
320 1093 369 1137 τό
389 1094 520 1134 adest.
577 1093 756 1136 Rvmn,

341 1149 666 1205 παλίγγλωσσον]
715 1150 794 1189 Pro
823 1154 1126 1205 παλίγγλωσσον
1145 1152 1239 1194 MS.
1274 1151 1399 1192 habet
1418 1150 1667 1204 simpliciter

230 1205 419 1262 γλωσσόν.
450 1208 747 1260 παλίγγλωσσον
769 1215 811 1245 et
830 1207 941 1245 infra
961 1208 1152 1247 nominat
1173 1208 1247 1256 VI,
1278 1207 1371 1250 164.
1427 1208 1554 1249 Iunc.

342 1273 693 1329 ἐπιγλωττίσομαι]
743 1273 836 1314 MS.
868 1287 943 1326 per
971 1292 996 1324 η
1023 1270 1373 1329 ἐπιγλωττήσομαι.
1405 1284 1448 1315 et
1473 1275 1532 1314 ita
1557 1273 1668 1313 scri-

230 1330 414 1370 bendum
438 1340 514 1369 est.
569 1327 707 1369 Verba
724 1329 838 1368 enim
858 1339 957 1369 sunt
977 1331 1272 1385 Aristophanis
1298 1330 1427 1370 initio
1450 1332 1664 1383 Lysistra-

233 1396 313 1438 tae,
338 1386 411 1426 ubi
432 1386 503 1425 hic
524 1398 695 1425 versus:

396 1438 749 1497 ἐπιγλωττήσομαι,
763 1439 994 1496 φλυαρήσει),
1009 1440 1302 1496 βλασφημήσω.
1322 1442 1414 1497 περὶ
1433 1445 1516 1484 ταῖν
1533 1439 1667 1491 Ἀθη-

593 1500 714 1539 ναίων
743 1497 820 1553 γοῖρ
853 1496 924 1541 οὐκ
953 1495 1310 1553 ἐπιγλωττήσομαι.

229 1555 309 1594 Est
326 1555 438 1595 enim
467 1553 579 1594 idem
610 1567 753 1593 versus
772 1563 814 1594 et
835 1568 890 1594 ex
908 1556 1211 1607 Aristophane,
1241 1564 1291 1594 ut
1315 1554 1395 1592 iam
1422 1552 1566 1604 attuli,
1597 1567 1666 1592 re—

230 1609 492 1651 scribendus.
552 1609 682 1649 Imm.

337 1674 515 1733 γλώττας
534 1678 589 1727 δὲ,
624 1673 693 1725 τοὶς
713 1678 791 1719 τῶν
817 1678 958 1731 inoffi]
993 1678 1040 1723 C.
1066 1679 1117 1719 A.
1147 1675 1323 1732 γλώττας
1349 1676 1428 1719 τῶν
1454 1673 1666 1730 ὑποδημά-

228 1753 308 1779 των
329 1735 475 1790 ἕλεγον,
506 1731 621 1789 quod
645 1733 838 1773 ultimum
861 1734 1117 1788 adscriptum
1138 1735 1188 1774 ab
1210 1735 1291 1773 alia
1310 1747 1449 1773 manu.
1481 1733 1663 1773 Kumm.

336 1797 515 1857 γλώττας
543 1799 607 1848 δὲ,
634 1798 705 1849 τοὶς
732 1802 811 1843 τῶν
840 1799 980 1854 &nod-J
1018 1801 1115 1844 MS·
1141 1799 1313 1855 γλώττας
1329 1802 1371 1842 δὲ
1390 1804 1472 1843 τοῖν
1493 1800 1529 1843 ὖ.
1565 1800 1664 1839 abs-

231 1872 313 1912 que
348 1855 428 1906 τάς.
470 1857 532 1896 sic
566 1870 666 1896 vero
706 1857 991 1912 loquendum,
1038 1873 1124 1899 non
1154 1860 1403 1914 γλωσσίδας,
1450 1856 1665 1911 praecepit

228 1914 340 1953 idem
362 1913 641 1966 Phrynichus,
699 1912 832 1954 Imm.

340 1969 392 2018 οἷς
409 1965 557 2017 Ἰσαῖος
575 1968 599 2011 ὁ
622 1971 834 2024 Σωκρατ]
874 1970 1061 2022 Absunt‚
1092 1971 1147 2021 αἱς
1169 1968 1315 2020 Ἰσαῖος
1345 1969 1368 2012 o‘
1394 1975 1442 2012 Σ.
1471 1968 1516 2008 iu
1537 1969 1584 2011 C.
1615 1969 1664 2007 A·

227 2027 408 2067 Rumin-

339 2081 392 2130 οἷς
411 2078 559 2127 Ἰσαῖος
579 2076 604 2124 o‘
622 2083 836 2136 Σωκρατ.]
866 2085 1036 2123 Desunt
1053 2082 1107 2131 αἱς
1124 2078 1170 2125 Ἰ.
1201 2081 1226 2124 0‘
1255 2086 1304 2122 Σ.
1335 2081 1380 2120 iu
1400 2081 1498 2122 MS.
1535 2081 1662 2123 Iuno.

339 2137 395 2187 αἶς
412 2134 562 2184 Ἰσαῖος
587 2136 612 2180 o‘
638 2139 851 2191 Σωκρατ.]
890 2139 1246 2190 Falckenburgius
1269 2151 1348 2192 pro
1376 2135 1520 2185 Ἰσαῖος
1536 2130 1664 2176 habet

228 2196 426 2251 Ἀἰσχίνης
445 2206 498 2232 ex
515 2192 610 2234 MS.

337 2257 538 2316 γλώττας]
568 2262 790 2314 σημείωσαι
818 2262 1003 2314 γλῶτται,
1033 2261 1094 2300 ait
1123 2260 1194 2299 hic
1224 2259 1282 2300 H.
1313 2259 1444 2312 Steph.
1474 2259 1605 2300 Iunc.

340 2317 394 2367 οἷς
413 2314 732 2371 Ἀριστοφάνης]
764 2319 878 2358 Haec
899 2332 1031 2371 usque
1054 2316 1105 2355 ad
1125 2315 1332 2371 Κόρυμβος
1356 2329 1440 2354 non
1470 2315 1662 2369 agnoscit

229 2375 280 2416 C.
312 2374 364 2415 A.
395 2370 521 2427 Quod
543 2372 831 2413 testimonium
850 2373 1145 2423 Aristophanis
1165 2372 1338 2419 attinet,
1362 2371 1533 2425 legerim
1552 2371 1661 2410 illud

228 2433 312 2472 ita:
342 2428 443 2487 πρδς
461 2429 585 2472 ταῦτα
610 2430 702 2481 λέξω
723 2427 897 2484 Ὁμήρου
913 2426 1066 2483 γλώττᾳ
1087 2429 1129 2470 τί
1150 2445 1185 2469 κ.
1236 2425 1460 2480 Κόρυμβυς,
1491 2427 1662 2466 Adhaeo

229 2489 370 2526 dicam
396 2485 502 2539 quid
521 2490 579 2525 sic
605 2489 775 2526 Homeri
803 2488 950 2538 lingua
982 2484 1229 2537 Corymbus?
1269 2485 1452 2521 Galenus
1474 2484 1658 2535 praefat.

229 2545 382 2583 Lex-ici
402 2543 648 2595 Hippocrat.
687 2545 767 2597 leg.
797 2545 862 2585 aot*
882 2543 1003 2593 λέξων
1023 2541 1181 2596 ’Ὅμηρε
1212 2539 1359 2595 γλώττῃ
1393 2541 1471 2581 τίνι
1498 2541 1662 2582 καλοῦσι
