1690 2944
186 119 268 164 356
809 117 868 159 II.
927 123 992 163 68.

189 231 233 270 in
269 230 374 272 thes.
411 230 542 284 magis
573 233 711 284 placet
748 233 909 287 ἕλιγγες.
969 231 1127 273 Comm.
1159 236 1228 275 avi
1255 250 1291 275 c.
1319 235 1418 278 ι216.
1448 212 1629 293 εἶ’λιγγας

187 287 354 327 habent.
409 287 538 327 IUNG.

296 354 475 409 ἔλιγγας]
519 353 867 408 Falekenburgius
889 351 1069 411 αἶλῖγγας.
1128 357 1211 399 Cui
1240 358 1419 399 lectioni
1446 359 1545 399 vide
1573 371 1627 399 an

188 425 274 450 non
301 412 442 450 faveat
466 411 702 462 Hesychius
720 426 823 451 voce
842 410 1043 468 Ὠλιγγιά.

297 467 444 521 μῦσαι]
477 466 597 509 MSS.
629 469 683 520 ³³9·
713 465 849 509 νεῦσαι
865 472 934 511 καὶ
959 474 1078 524 συμβ.
1111 470 1210 511 sz.

298 522 453 576 μῦσαι]
487 523 534 559 In
558 532 678 561 textu
707 524 752 566 C.
782 524 834 567 Α.
864 526 1018 568 νεῦσαι.
1051 541 1193 580 margo
1217 540 1314 566 vero
1338 525 1466 566 habet
1483 527 1624 580 μῦσαι,

187 589 283 634 post
312 593 359 619 ea
392 581 610 633 συμβαλεῖν
640 599 672 621 r.
706 586 746 633 β.
779 598 813 622 κ.
845 596 877 623 ε.
909 586 977 624 καὶ
1003 584 1172 631 κλεῖσαι,
1205 582 1276 620 ubi
1309 596 1451 636 margo
1477 582 1623 624 addit:

185 639 254 679 καὶ
277 634 329 678 toz*
356 630 499 689 δ’μοια,
534 634 631 674 dein
658 637 809 676 iterum
842 638 887 675 in
920 647 1070 686 textu,
1100 641 1168 681 καὶ
1194 640 1469 692 σκαρδαμύξαι
1491 644 1524 680 λ.
1555 642 1626 682 καῖ

186 691 582 746 ἀνασκαρδαμύττειν
611 710 649 734 κ.
685 712 721 734 α.
753 694 820 734 καὶ
857 696 1078 748 συμβαλεῖν
1101 697 1143 737 δὲ
1170 696 1373 748 βλέφαρον
1393 698 1461 737 καὶ
1480 693 1526 737 τό
1543 713 1626 737 κα-

183 748 432 799 τανυστάξαι.
493 747 667 788 Caetera
696 748 850 788 absunt
879 764 901 789 a
931 750 979 792 C.
1017 751 1070 790 A.
1099 764 1231 806 usque
1265 751 1318 790 ad
1340 749 1434 794 ου’δὲ
1455 748 1624 806 γνάθον.

186 807 369 846 Komm-

293 861 510 915 ἑπιμῦσαι]
543 862 714 901 Desunt
734 863 843 916 ἔπιμ.
874 866 942 906 καῖ
960 881 1044 907 κατ.
1076 862 1120 902 in
1143 863 1240 904 MS.
1297 864 1448 905 Imm.-

295 933 364 971 καῖ
389 930 650 983 καταβαλεῖν]
696 931 782 969 Ista
801 933 879 982 ζκαῖ
906 936 1048 986 καταβ.
1080 933 1149 973 καὶ
1175 947 1241 985 πρ.
1271 931 1316 970 in
1343 932 1424 971 MS.
1457 930 1621 973 desunt.

182 987 410 1026 IUNGERM.

295 1043 361 1084 καὶ
387 1043 632 1091 ἐπικλεῖσαι,
663 1042 731 1083 καὶ
759 1043 930 1096 ‹myzl-J
969 1042 1091 1082 Loco
1121 1042 1272 1084 horum
1307 1044 1374 1087 καὶ
1394 1045 1457 1087 ἐπ.
1487 1062 1524 1087 κ.
1555 1058 1617 1087 συ.

183 1098 277 1140 MS.
309 1097 462 1138 habet:
495 1098 562 1139 καὶ
583 1096 633 1138 zoi
649 1097 779 1151 ὅμοια.
838 1100 968 1139 Imm.

295 1166 362 1207 καὶ
389 1160 724 1220 ἀσκαρδαμυκτί]
775 1166 955 1204 Lueian.
1002 1168 1166 1204 Timone
1201 1175 1302 1206 tom.
1333 1167 1371 1210 I.
1400 1182 1494 1224 pag.
1529 1181 1618 1209 101.

182 1224 223 1270 ἒς
239 1219 285 1264 τό
313 1228 472 1275 σημεῖον
493 1223 559 1262 καὶ
578 1219 647 1263 τόν
665 1219 806 1274 μοχλόν
823 1219 1121 1274 ἀσκαρδαμυκτὶ
1140 1223 1356 1272 βλέποντας
1376 1235 1453 1264 etc.
1485 1224 1535 1265 de
1555 1224 1617 1263 vi·

183 1278 358 1332 gilantia
383 1288 424 1316 et
451 1277 686 1317 attentione
707 1277 920 1318 avaritiae.
980 1276 1107 1329 Apud
1129 1279 1314 1330 Xenoph.
1345 1291 1481 1320 autem
1505 1281 1548 1319 in
1567 1279 1618 1319 li-

182 1333 267 1373 bris
289 1333 405 1375 MSS.
439 1334 556 1372 iuxta
582 1333 659 1386 (H.
682 1332 817 1385 steph.
850 1336 1092 1382 attestante)
1114 1343 1236 1388 atque
1257 1334 1299 1372 in
1322 1335 1447 1375 editis
1469 1335 1618 1391 ἀσκαρ-

182 1390 374 1443 δαμυκτεὶ
399 1389 576 1443 legitur,
617 1389 688 1430 lib.
721 1389 754 1427 I.
800 1389 1017 1443 Cyropaed.
1048 1389 1121 1432 fol.
1155 1401 1219 1428 21.
1258 1391 1438 1433 Weehel.
1470 1394 1506 1430 A
1535 1407 1618 1431 no-

183 1446 279 1485 stris
302 1445 417 1485 MSS.
452 1445 533 1483 hoc
563 1444 806 1484 adverbium
831 1444 971 1498 abest3
996 1445 1119 1484 etiam
1147 1458 1322 1500 sequens
1349 1447 1516 1486 verbum
1539 1451 1615 1490 δα-

176 1500 356 1557 μύττειν,
392 1500 504 1556 quod
525 1516 609 1540 non
632 1500 838 1554 intelligo,
869 1501 950 1539 nisi
973 1510 1216 1554 corruptum
1240 1500 1375 1541 dicam
1399 1518 1452 1543 ex
1469 1503 1613 1561 α’σκαρ·

182 1556 418 1612 δαμύιτειν,
451 1556 565 1611 quod
591 1559 698 1596 clare
720 1557 763 1594 in
788 1555 912 1598 MSS.
940 1566 1066 1598 extat.
1125 1557 1218 1596 SEB.

292 1626 358 1668 καὶ
380 1623 712 1679 ἀσκαρδαμυκτὶ]
756 1625 925 1662 Desunt
945 1623 988 1660 in
1011 1623 1103 1662 MS.
1133 1625 1199 1665 καὶ
1219 1622 1312 1669 α’σκ.
1342 1629 1429 1673 Ξεν.
1467 1627 1611 1666 Locus

179 1683 465 1735 Xenophontis
486 1690 546 1720 est
566 1681 692 1726 forte,
723 1689 831 1718 certe
851 1679 1024 1734 primus,
1053 1679 1124 1717 ubi
1157 1680 1239 1720 hoc
1263 1682 1447 1722 occurrit
1466 1682 1612 1722 adver·
1676 1731 1679 1734 Δ

178 1739 310 1788 bium,
335 1737 406 1777 lib.
430 1737 465 1776 I.
496 1738 702 1785 Παιδείας,
733 1734 806 1773 ubi
832 1736 959 1786 Cyrus
983 1734 1146 1774 cuidam
1167 1738 1282 1776 Medo
1300 1753 1343 1778 se
1367 1738 1613 1792 depereunti

180 1804 222 1833 et
244 1794 416 1844 dicenti,
445 1792 505 1834 ὅτι
525 1793 590 1834 καὶ
620 1791 717 1833 ὅσον
738 1787 1026 1847 σκαρδαμύττω
1058 1787 1199 1845 χρόνον
1223 1793 1266 1832 id
1301 1794 1407 1833 mihi
1436 1798 1612 1850 longum

177 1848 371 1900 videtur,
406 1849 442 1888 si
469 1858 510 1887 te
538 1861 622 1886 non
655 1846 843 1893 videam,
875 1847 995 1885 illum
1031 1847 1241 1889 confidere
1269 1849 1408 1901 iubet,
1441 1865 1484 1890 se
1511 1865 1612 1890 mox

177 1903 430 1945 rediturum:
460 1904 563 1946 ὥστε
593 1902 694 1957 ἆρᾷν
720 1920 785 1946 σοι
808 1903 977 1954 ἐξέσται,
1007 1903 1081 1958 κᾷν
1103 1903 1241 1961 βούλῃ,
1273 1905 1608 1961 α’σκαρδαμυκηί.

175 1961 403 2001 ΙυΝῦΕιιΜ.
1659 2002 1665 2006 ἡ

286 2011 522 2067 δαμύττειν]
553 2015 637 2055 Pro
662 2010 868 2065 δαμύττειν
887 2012 1022 2070 (quod
1042 2014 1144 2070 quid
1168 2016 1226 2056 sit
1245 2015 1408 2075 nescio)
1427 2018 1519 2059 MS.
1539 2018 1609 2063 καὶ

174 2069 528 2128 οἶσκαρδαμὺττειν.
562 2070 676 2110 deest
696 2070 793 2109 dein
815 2070 1121 2125 Ἀριστοφάνης.
1153 2073 1283 2114 Iunc.

283 2127 489 2179 συνελεῖν]
523 2127 644 2166 MSS·
675 2129 891 2179 συμβαλεῖν
914 2131 955 2170 δὲ
973 2134 1036 2182 βλ.
1076 2129 1176 2168 SEB.

284 2184 485 2235 συνελεῖν]
537 2183 617 2222 Pro
651 2183 842 2233 συνελεῖν,
873 2185 1091 2236 συμβαλεῖν
1118 2186 1198 2236 leg.
1226 2193 1268 2222 et
1291 2183 1339 2224 C.
1369 2183 1422 2226 V.
1459 2185 1505 2224 in
1538 2186 1606 2228 Gt.

173 2241 380 2296 ἔπιμῧσαι,
413 2239 606 2289 cohibere,
635 2242 862 2291 καταμῦσαι
885 2243 1108 2279 connivere.
1158 2239 1336 2277 Humm.

287 2296 487 2349 συνελεῖν]
522 2295 603 2335 Pro
627 2298 814 2341 συνελεῖν,
846 2296 942 2336 MS.
979 2297 1217 2350 συμβαλεῖν.
1265 2295 1391 2339 IUNG.

307 2400 310 2402 ε
857 2366 924 2406 68.

282 2419 535 2475 μεμνῆσθαι]
562 2417 794 2470 μεμνῆσθαι
813 2427 888 2460 etc.
917 2413 1086 2472 γνάθον.
1145 2418 1263 2457 Haec
1295 2433 1387 2458 cum
1411 2417 1603 2460 interme·

173 2474 257 2515 diis
277 2491 364 2516 non
387 2474 550 2515 suntin
571 2473 665 2513 MS.
723 2473 850 2513 Iuno.

278 2539 579 2599 Ἀριστοτέλης]
610 2540 708 2582 Lib.
740 2541 775 2580 I.
806 2539 860 2581 H.
889 2540 936 2580 A.
970 2554 1059 2593 cap.
1097 2538 1158 2582 15.
1191 2550 1233 2580 et
1256 2540 1332 2582 lib.
1363 2541 1444 2584 ΠῙ.
1475 2541 1526 2583 de
1558 2543 1603 2582 P.

169 2598 223 2639 A.
250 2613 286 2640 c.
321 2600 382 2641 15.
438 2602 616 2640 Kumm.
669 2630 670 2633 η
1396 2623 1397 2626 =
