1670 2938
181 85 263 126 670
807 85 882 125 IV.
939 90 1007 130 33.

291 251 468 305 ἔλεγχοι]
515 251 605 293 MS.
636 250 809 308 ἔλεγχος.
869 203 950 293 Sessd
971 253 1055 295 hoc
1074 255 1155 296 ia'm
1177 264 1298 297 antea
1332 258 1394 299 sic
1423 259 1511 299 fuit
1540 269 1624 300 tam

181 309 226 347 in
246 308 341 347 MS.
377 321 500 362 quam
524 310 708 362 vulgatis
741 309 817 348 sub
843 309 940 351 init.
969 310 1098 351 huius
1123 327 1247 369 segm.
1303 315 1430 357 Iuno.

179 432 202 470 b
289 376 542 472 πα]οαβολαὶ]
585 376 633 416 (3.
667 377 715 416 A.
745 376 1009 432 ἕγχειρήματα
1038 378 1348 436 (ἐπιχειρηματα
1374 398 1519 438 margo
1543 383 1624 424 ha-

209 442 498 475 et.1UEnN

252 433 544 545 )παραβολαῖ]
597 491 782 543 Sequens
812 488 1077 546 ἐνθυμήματα
1110 492 1262 534 deest
1250 508 1294 533 ιιι
1314 495 1407 536 Μ8.
1438 495 1566 538 Inna.

286 558 546 609 δεινολογίαι]
597 557 643 599 C.
676 558 725 596 A.
764 557 1064 613 παραδηλώσεις
1090 570 1169 600 etc.
1227 562 1405 605 vam.

287 623 553 679 δεινολογιάι]
605 624 791 678 Sequens
817 624 988 680 φράσεις
1010 627 1124 667 deest
1154 628 1198 667 in
1231 630 1325 671 MS.
1383 630 1509 674 Imm.

173 738 197 776 I
284 685 398 734 ἕκᾳρ
425 682 623 735 οι’κτρολ,]
675 682 846 721 Desunt
871 682 976 723 duae
1011 698 1133 724 voces
1163 687 1279 741 ἒκφρ
1309 689 1433 743 οἵκτρ.
1465 690 1510 727 in
1533 689 1620 729 MS.

201 753 402 779 UNGERM.

285 791 586 847 ύποόηλωσεις]
626 796 756 833 Plato
778 795 969 834 Phaedro
985 795 1238 847 υηοδήλωσιν
1257 799 1329 841 καὶ
1346 803 1621 854 παρεπαίνους

171 852 351 906 primum
374 851 590 889 invenisse
620 851 680 889 ait
709 853 893 890 Parium
913 854 1109 896 Euenum.
1167 855 1292 896 IUNG.

285 919 488 973 ἐπίλογοι]
542 919 590 957 In
628 918 764 957 Gloss.
793 921 985 974 ἐπίλογος,
1009 923 1239 972 peroratio.
1297 924 1479 964 liugan.

280 1043 372 1097 περὶ
394 1044 454 1084 ἐπ.
478 1051 555 1083 etc
569 1041 584 1093 ]
638 1041 809 1081 Titulus
833 1044 950 1083 abest
969 1058 992 1083 a
1022 1043 1070 1084 C.
1096 1043 1148 1088 Α
1180 1043 1377 1087 cohaeret
1396 1042 1507 1088 enim
1528 1062 1619 1088 ora-

169 1100 232 1140 tio
261 1114 353 1139 cum
382 1096 743 1151 praecedentibus.
803 1100 988 1139 KUEHN.

281 1158 372 1208 mol
403 1157 465 1196 ἐπ.
501 1164 578 1192 etc.
591 1154 605 1205 ]
657 1155 798 1206 Caput
828 1154 911 1194 hoc
939 1155 1098 1211 absque
1127 1159 1304 1212 Titulo,
1345 1159 1585 1200 cohaeret'
1571 1175 1617 1199 m

169 1213 266 1254 MS.
299 1227 390 1278 eum
420 1209 780 1250 antecedentibus.
839 1210 965 1251 que.

280 1266 457 1322 ῥἠιορος,
488 1266 555 1308 καὶ
576 1267 848 1319 δημαγωγοῦ]
883 1267 1118 1322 δημαγωγόν
1135 1283 1222 1308 non
1246 1273 1354 1311 male
1374 1271 1424 1311 ab
1441 1274 1618 1312 Εταεηιο

173 1326 386 1364 Oratorem
420 1337 583 1363 versum
613 1331 660 1360 ut
692 1323 875 1373 aliunde,
907 1324 969 1362 sic
1000 1325 1125 1363 etiam
1153 1339 1205 1364 ex
1237 1326 1440 1366 hocloco
1466 1329 1617 1381 probat

166 1383 276 1422 Petr.
319 1381 460 1419 Nann.
500 1379 684 1418 Miscell.
718 1379 851 1429 VIII,
900 1394 935 1420 1.
974 1379 1063 1421 vid.
1103 1390 1146 1420 et
1187 1382 1278 1421 Iac.
1310 1385 1406 1422 Nic.
1434 1385 1616 1423 Laenate

165 1435 368 1505 Epiphill.
397 1436 475 1486 IX,
513 1433 573 1475 16.
632 1435 732 1476 SEB.

277 1489 454 1548 ῥήτορος,
485 1493 554 1534 καὶ
573 1493 822 1546 δημαγωγοῦ.
836 1491 851 1543 ]
899 1488 1030 1546 ρῆτωρ
1051 1502 1092 1532 et
1113 1491 1350 1547 δημαγωγος
1368 1492 1480 1534 sicut
1505 1504 1546 1534 et
1567 1495 1613 1535 in

165 1551 318 1595 titulo.
352 1561 392 1589 et
423 1563 548 1602 supra
579 1548 664 1597 IV,
695 1549 759 1588 25.
792 1548 1040 1602 iunguntur.
1083 1549 1169 1588 vid.
1201 1551 1368 1602 piolixe
1395 1553 1614 1591 Nunnium.

164 1607 286 1649 V111
318 1607 560 1646 Misce11.1.
596 1603 708 1656 quod
739 1614 874 1643 totum
909 1615 1036 1657 caput
1056 1606 1180 1644 etiam
1204 1605 1372 1646 doctiss.
1410 1606 1615 1658 Sigonius,

164 1662 338 1704 laudato
372 1663 569 1707 Nannio,
605 1660 648 1697 in
679 1674 799 1699 suum
834 1660 1175 1699 emendationum
1201 1660 1294 1702 libr.
1326 1663 1382 1703 ΙΙ.
1424 1677 1515 1716 cap.
1543 1663 1612 1705 62.

163 1720 325 1759 retulit.
357 1717 446 1758 vid.
470 1727 511 1756 et
538 1718 624 1755 lae.
652 1717 790 1755 Ni.cot
812 1717 889 1756 IX.
920 1717 1119 1768 ΕρίρΙιίΖί.
1146 1716 1218 1758 16
1239 1717 1351 1757 unde
1372 1719 1466 1770 quis
1489 1722 1613 1773 δημα·

147 1775 288 1831 ,γωγός
309 1784 371 1813 sat
391 1773 537 1814 disces
594 1771 766 1811 Laudat
794 1782 931 1811 autem
954 1773 1240 1838 potissimum
1240 1775 1468 1813 Nannias
1456 1776 1613 1815 inscri-

163 1835 356 1886 ptionem
389 1829 566 1882 capitis,
596 1842 701 1880 quae
731 1828 802 1866 hic
839 1829 1008 1881 quidem
1042 1844 1094 1868 ex
1115 1829 1264 1883 primis
1287 1831 1440 1882 capitis
1471 1831 1610 1871 verbis

163 1897 227 1927 est
250 1887 483 1938 desumpta.
513 1885 616 1924 alias
641 1884 737 1923 illos
765 1884 913 1924 titulos
935 1886 1103 1938 ineptos
1125 1900 1224 1938 esse,
1249 1896 1290 1926 et
1307 1899 1393 1926 non
1413 1887 1611 1938 Pollucis,

162 1942 372 1989 aedanus,
406 1941 667 1980 dictumiam
703 1951 776 1979 est.
836 1942 964 1983 lunc.

271 1996 465 2066 νομικος]
519 1995 683 2035 Abest
671 2010 715 2034 ln
749 1998 795 2037 C.
825 1998 876 2037 A.
913 2007 1105 2051 sequltur
1127 2011 1239 2036 enlm
1271 2007 1368 2050 post
1398 1997 1611 2068 δημοτικος

160 2071 381 2110 προστατης
413 2071 446 2094 τ.
475 2071 508 2094 ν.
541 2050 670 2104 φύλαξ
699 2070 732 2092 τ.
760 2056 792 2096 ἐ.
825 2063 911 2092 tum
941 2054 984 2091 in
1010 2054 1197 2108 margine
1219 2070 1519 2119 προαγωνιστης
1539 2057 1611 2106 τῆς
1659 2061 1668 2099 Ῐ

160 2112 629 2167 6nuox9at1'a9.caete1a
651 2108 779 2147 huius
796 2110 999 2150 sectionis
1022 2109 1189 2149 absunt.
1220 2108 1383 2164 νομικός
1403 2111 1447 2150 in
1468 2112 1607 2152 Glose.
1664 2126 1666 2128 ’

159 2170 433 2234 iuri-spernax.
493 2165 677 2204 KUEHN.

270 2220 456 2277 νομικός]
508 2219 676 2260 Deest
665 2234 708 2257 m
735 2221 827 2261 MS.
857 2218 1033 2274 νομικός.
1092 2221 1224 2261 ΙσΝσ.

270 2288 536 2343 ἐλευθερίας]
578 2288 680 2325 Post
698 2289 934 2361 ἐλευθερίας
961 2288 1155 2341 sequitur
1180 2289 1224 2326 in
1260 2288 1350 2328 MS.
1381 2305 1606 2344 npoayoen-

155 2349 252 2402 στῆς
277 2349 348 2399 τῆς
367 2345 650 2399 δημοκρατίας,
684 2346 752 2386 και
767 2361 818 2385 τα
846 2344 978 2398 ὅμοια.
1040 2345 1213 2385 Caetera
1242 2343 1371 2383 huius
1393 2347 1602 2386 sectionis

156 2408 202 2448 in
220 2407 309 2447 MS.
343 2406 486 2447 λείπει.
541 2401 674 2440 IUNG-

268 2457 458 2514 νόμιμος]
507 2456 752 2496 Notandum
781 2454 863 2494 hoc
885 2456 1054 2507 νόμιμος
1085 2455 1134 2495 de
1167 2452 1333 2495 rhetore
1355 2455 1468 2496 bono
1486 2467 1528 2497 et
1545 2460 1603 2497 le·

158 2534 256 2575 gum
281 2518 543 2564 observante,
568 2512 682 2566 quod
702 2514 813 2551 forte
833 2512 896 2550 sic
915 2512 958 2549 in
980 2511 1130 2551 lexicis
1147 2525 1234 2551 non
1245 2512 1452 2578 repeiias.
1476 2513 1600 2555 IuNG.
1655 2548 1657 2550 .

268 2569 522 2628 προαγωγός,
558 2568 628 2613 τοῦ
654 2568 782 2624 δήμου
810 2568 1066 2624 προστατῶν,
1097 2583 1176 2609 των
1205 2564 1339 2621 νόμων
1361 2567 1502 2622 φύλαξ,
1532 2569 1602 2620 τῆς
